Time,Ask,Bid,AskVolume,BidVolume
22.04.2013 00:00:01.145,1.02741,1.02727,1.50,3.00
22.04.2013 00:00:01.501,1.02742,1.02727,1.50,1.50
22.04.2013 00:00:01.561,1.02741,1.02727,1.50,1.50
22.04.2013 00:00:02.212,1.02741,1.02726,1.50,2.63
22.04.2013 00:00:02.512,1.02742,1.02729,1.50,1.50
22.04.2013 00:00:05.411,1.02742,1.02728,2.25,1.50
22.04.2013 00:00:05.952,1.02742,1.02728,3.00,1.50
22.04.2013 00:00:07.903,1.02742,1.02726,3.00,5.25
22.04.2013 00:00:08.472,1.02742,1.02726,3.00,5.25
22.04.2013 00:00:10.163,1.02742,1.02726,2.25,3.75
22.04.2013 00:00:10.343,1.02742,1.02726,2.25,3.75
22.04.2013 00:00:10.883,1.02742,1.02727,2.25,1.50
22.04.2013 00:00:11.602,1.02742,1.02726,2.25,4.50
22.04.2013 00:00:12.372,1.02742,1.02727,2.25,1.50
22.04.2013 00:00:13.322,1.02742,1.02727,2.25,1.50
22.04.2013 00:00:13.682,1.02742,1.02727,2.25,1.50
22.04.2013 00:00:14.187,1.02742,1.02727,2.25,2.25
22.04.2013 00:00:17.655,1.02742,1.02727,2.63,1.50
22.04.2013 00:00:18.212,1.02742,1.02726,2.63,2.25
22.04.2013 00:00:18.762,1.02741,1.02726,2.25,2.25
22.04.2013 00:00:18.943,1.02742,1.02726,2.25,3.00
22.04.2013 00:00:20.492,1.02742,1.02726,2.25,3.00
22.04.2013 00:00:21.772,1.02742,1.02726,2.25,3.00
22.04.2013 00:00:22.313,1.02742,1.02727,1.50,2.25
22.04.2013 00:00:22.492,1.02742,1.02728,1.50,1.50
22.04.2013 00:00:24.162,1.02742,1.02727,1.50,2.25
22.04.2013 00:00:24.712,1.02742,1.02728,1.50,1.50
22.04.2013 00:00:27.222,1.02742,1.02727,1.50,2.25
22.04.2013 00:00:29.923,1.02740,1.02726,1.50,3.00
22.04.2013 00:00:30.103,1.02740,1.02726,1.50,2.25
22.04.2013 00:00:30.464,1.02740,1.02727,1.50,1.50
22.04.2013 00:00:31.014,1.02740,1.02726,1.50,3.00
22.04.2013 00:00:31.964,1.02740,1.02726,1.50,3.00
22.04.2013 00:00:40.012,1.02740,1.02727,1.50,1.50
22.04.2013 00:00:40.662,1.02737,1.02726,1.50,1.50
22.04.2013 00:00:40.783,1.02737,1.02723,1.50,1.65
22.04.2013 00:00:40.904,1.02737,1.02723,1.50,1.50
22.04.2013 00:00:42.383,1.02737,1.02723,1.50,1.50
22.04.2013 00:00:43.003,1.02737,1.02723,1.50,2.25
22.04.2013 00:00:43.623,1.02737,1.02723,1.50,1.50
22.04.2013 00:00:43.983,1.02737,1.02722,1.50,2.25
22.04.2013 00:00:44.523,1.02737,1.02723,2.25,1.50
22.04.2013 00:00:45.043,1.02737,1.02723,2.25,1.50
22.04.2013 00:00:45.646,1.02737,1.02723,2.25,1.50
22.04.2013 00:00:46.372,1.02737,1.02723,2.25,1.50
22.04.2013 00:00:49.814,1.02737,1.02723,2.25,1.50
22.04.2013 00:00:54.793,1.02737,1.02723,1.50,1.50
22.04.2013 00:00:59.183,1.02738,1.02722,3.38,1.50
22.04.2013 00:01:00.273,1.02738,1.02722,1.50,1.88
22.04.2013 00:01:00.812,1.02738,1.02722,3.75,1.13
22.04.2013 00:01:00.932,1.02738,1.02722,3.00,1.88
22.04.2013 00:01:01.473,1.02738,1.02722,3.00,1.88
22.04.2013 00:01:03.474,1.02738,1.02722,3.00,1.88
22.04.2013 00:01:04.555,1.02741,1.02726,2.63,3.15
22.04.2013 00:01:05.043,1.02741,1.02726,4.13,3.90
22.04.2013 00:01:05.380,1.02741,1.02727,4.13,1.50
22.04.2013 00:01:06.043,1.02741,1.02726,4.13,3.90
22.04.2013 00:01:06.104,1.02741,1.02727,4.13,1.50
22.04.2013 00:01:08.733,1.02741,1.02727,3.38,1.50
22.04.2013 00:01:10.055,1.02740,1.02726,1.13,3.15
22.04.2013 00:01:10.784,1.02740,1.02726,1.13,3.90
22.04.2013 00:01:11.264,1.02741,1.02727,3.00,2.25
22.04.2013 00:01:11.693,1.02738,1.02724,3.15,1.50
22.04.2013 00:01:11.814,1.02738,1.02722,3.00,1.50
22.04.2013 00:01:13.033,1.02738,1.02721,1.50,3.38
22.04.2013 00:01:13.272,1.02738,1.02722,1.50,1.50
22.04.2013 00:01:13.844,1.02738,1.02722,1.50,1.50
22.04.2013 00:01:16.563,1.02736,1.02721,1.88,2.25
22.04.2013 00:01:17.534,1.02736,1.02722,1.88,1.50
22.04.2013 00:01:19.143,1.02736,1.02726,1.50,2.40
22.04.2013 00:01:19.263,1.02741,1.02726,3.38,3.15
22.04.2013 00:01:19.682,1.02738,1.02724,2.25,1.50
22.04.2013 00:01:19.743,1.02738,1.02724,3.00,1.50
22.04.2013 00:01:19.804,1.02737,1.02724,1.50,1.50
22.04.2013 00:01:19.925,1.02739,1.02726,1.50,3.00
22.04.2013 00:01:20.283,1.02740,1.02726,1.88,3.75
22.04.2013 00:01:21.003,1.02740,1.02726,1.88,4.50
22.04.2013 00:01:21.504,1.02740,1.02726,1.88,3.75
22.04.2013 00:01:22.046,1.02740,1.02726,1.88,4.50
22.04.2013 00:01:22.597,1.02740,1.02727,1.88,1.50
22.04.2013 00:01:22.922,1.02740,1.02727,1.88,1.50
22.04.2013 00:01:24.723,1.02741,1.02727,3.38,1.50
22.04.2013 00:01:25.385,1.02741,1.02727,2.63,1.50
22.04.2013 00:01:27.376,1.02741,1.02727,2.63,1.50
22.04.2013 00:01:27.503,1.02741,1.02727,2.63,2.25
22.04.2013 00:01:28.042,1.02741,1.02727,1.13,1.50
22.04.2013 00:01:28.556,1.02741,1.02727,1.88,1.50
22.04.2013 00:01:30.635,1.02738,1.02727,1.50,1.50
22.04.2013 00:01:30.753,1.02736,1.02724,1.65,1.50
22.04.2013 00:01:30.993,1.02735,1.02719,1.50,1.50
22.04.2013 00:01:31.052,1.02735,1.02719,1.50,3.00
22.04.2013 00:01:31.352,1.02738,1.02721,3.15,1.50
22.04.2013 00:01:31.893,1.02737,1.02723,1.50,1.50
22.04.2013 00:01:32.135,1.02737,1.02723,1.50,1.50
22.04.2013 00:01:32.963,1.02737,1.02723,1.50,2.25
22.04.2013 00:01:33.494,1.02737,1.02723,1.50,2.25
22.04.2013 00:01:34.234,1.02737,1.02723,1.50,2.25
22.04.2013 00:01:35.084,1.02738,1.02727,1.50,1.50
22.04.2013 00:01:35.325,1.02740,1.02727,3.00,1.50
22.04.2013 00:01:35.443,1.02739,1.02727,1.13,1.73
22.04.2013 00:01:35.505,1.02744,1.02733,1.50,2.25
22.04.2013 00:01:35.745,1.02746,1.02731,1.50,1.65
22.04.2013 00:01:36.293,1.02743,1.02731,1.50,3.15
22.04.2013 00:01:36.473,1.02742,1.02727,1.65,1.50
22.04.2013 00:01:36.533,1.02742,1.02726,1.65,3.00
22.04.2013 00:01:37.074,1.02740,1.02727,1.50,1.50
22.04.2013 00:01:37.605,1.02745,1.02732,1.50,2.25
22.04.2013 00:01:39.865,1.02744,1.02733,1.50,1.50
22.04.2013 00:01:40.232,1.02744,1.02732,1.50,3.75
22.04.2013 00:01:40.553,1.02744,1.02737,1.50,2.25
22.04.2013 00:01:40.614,1.02744,1.02732,1.50,2.25
22.04.2013 00:01:42.386,1.02743,1.02733,1.50,1.50
22.04.2013 00:01:42.683,1.02743,1.02732,1.50,3.75
22.04.2013 00:01:43.234,1.02744,1.02732,1.50,2.25
22.04.2013 00:01:43.983,1.02743,1.02732,1.50,2.25
22.04.2013 00:01:44.513,1.02743,1.02732,1.50,2.25
22.04.2013 00:01:45.027,1.02743,1.02732,1.50,2.25
22.04.2013 00:01:45.565,1.02743,1.02732,1.50,2.25
22.04.2013 00:01:45.865,1.02743,1.02732,1.50,2.25
22.04.2013 00:01:46.043,1.02743,1.02732,1.50,2.25
22.04.2013 00:01:46.662,1.02745,1.02737,2.25,2.25
22.04.2013 00:01:46.743,1.02744,1.02731,1.50,2.40
22.04.2013 00:01:47.415,1.02743,1.02731,1.13,2.25
22.04.2013 00:01:47.473,1.02748,1.02731,3.00,2.25
22.04.2013 00:01:47.593,1.02748,1.02732,3.00,1.50
22.04.2013 00:01:47.653,1.02748,1.02735,3.00,1.65
22.04.2013 00:01:47.833,1.02751,1.02736,1.13,3.75
22.04.2013 00:01:47.956,1.02748,1.02735,2.25,1.50
22.04.2013 00:01:48.690,1.02748,1.02733,3.00,1.50
22.04.2013 00:01:49.233,1.02748,1.02733,3.00,1.50
22.04.2013 00:01:49.772,1.02748,1.02733,3.00,1.50
22.04.2013 00:01:50.327,1.02748,1.02733,3.00,1.50
22.04.2013 00:01:50.395,1.02748,1.02733,3.00,1.50
22.04.2013 00:01:50.455,1.02743,1.02733,1.50,1.50
22.04.2013 00:01:50.633,1.02743,1.02728,1.50,2.40
22.04.2013 00:01:50.692,1.02747,1.02732,1.50,1.50
22.04.2013 00:01:51.563,1.02748,1.02731,2.25,3.00
22.04.2013 00:01:51.683,1.02747,1.02732,1.50,1.50
22.04.2013 00:01:52.234,1.02747,1.02737,1.50,2.25
22.04.2013 00:01:53.532,1.02748,1.02737,1.13,2.25
22.04.2013 00:01:54.424,1.02749,1.02737,1.13,3.00
22.04.2013 00:01:55.203,1.02752,1.02738,1.88,1.50
22.04.2013 00:01:55.753,1.02752,1.02738,1.88,1.50
22.04.2013 00:01:56.282,1.02752,1.02738,2.63,1.50
22.04.2013 00:02:02.362,1.02751,1.02738,1.13,1.50
22.04.2013 00:02:04.253,1.02751,1.02737,1.13,2.25
22.04.2013 00:02:04.434,1.02752,1.02737,1.88,2.25
22.04.2013 00:02:04.494,1.02752,1.02737,1.13,2.25
22.04.2013 00:02:05.012,1.02752,1.02737,1.88,2.25
22.04.2013 00:02:05.323,1.02752,1.02738,1.13,1.50
22.04.2013 00:02:05.705,1.02753,1.02738,2.25,1.50
22.04.2013 00:02:06.205,1.02753,1.02738,2.25,1.50
22.04.2013 00:02:06.264,1.02753,1.02741,2.25,1.50
22.04.2013 00:02:06.937,1.02753,1.02741,2.25,1.50
22.04.2013 00:02:07.015,1.02756,1.02742,1.50,1.50
22.04.2013 00:02:07.088,1.02757,1.02742,2.25,1.50
22.04.2013 00:02:07.643,1.02758,1.02742,2.63,1.50
22.04.2013 00:02:08.562,1.02758,1.02744,1.50,1.50
22.04.2013 00:02:08.623,1.02758,1.02745,1.50,1.50
22.04.2013 00:02:08.683,1.02761,1.02747,1.50,2.25
22.04.2013 00:02:08.868,1.02762,1.02747,1.50,3.00
22.04.2013 00:02:09.363,1.02763,1.02750,1.50,3.38
22.04.2013 00:02:09.424,1.02766,1.02752,2.25,2.25
22.04.2013 00:02:09.484,1.02766,1.02752,1.50,2.25
22.04.2013 00:02:09.663,1.02763,1.02751,1.50,1.88
22.04.2013 00:02:10.203,1.02763,1.02750,2.25,1.13
22.04.2013 00:02:12.783,1.02763,1.02750,1.50,1.13
22.04.2013 00:02:13.144,1.02766,1.02756,1.50,1.50
22.04.2013 00:02:13.263,1.02768,1.02756,1.50,2.25
22.04.2013 00:02:13.443,1.02770,1.02754,1.50,1.28
22.04.2013 00:02:13.683,1.02772,1.02757,1.50,1.50
22.04.2013 00:02:14.224,1.02772,1.02758,1.50,1.88
22.04.2013 00:02:15.073,1.02772,1.02759,2.25,1.50
22.04.2013 00:02:15.656,1.02772,1.02759,1.50,1.88
22.04.2013 00:02:15.983,1.02773,1.02761,3.75,1.88
22.04.2013 00:02:16.042,1.02773,1.02759,3.75,1.50
22.04.2013 00:02:16.664,1.02772,1.02758,1.50,1.88
22.04.2013 00:02:18.975,1.02773,1.02758,3.75,1.88
22.04.2013 00:02:19.634,1.02772,1.02758,1.50,1.88
22.04.2013 00:02:20.374,1.02772,1.02758,1.50,1.88
22.04.2013 00:02:20.434,1.02772,1.02758,1.50,1.88
22.04.2013 00:02:22.203,1.02772,1.02758,2.25,1.88
22.04.2013 00:02:27.424,1.02772,1.02758,2.25,2.63
22.04.2013 00:02:27.843,1.02772,1.02758,2.25,1.88
22.04.2013 00:02:28.493,1.02772,1.02757,2.25,3.00
22.04.2013 00:02:29.463,1.02771,1.02757,1.50,2.25
22.04.2013 00:02:30.004,1.02769,1.02757,1.50,2.25
22.04.2013 00:02:30.183,1.02767,1.02754,2.25,1.88
22.04.2013 00:02:30.303,1.02767,1.02752,2.25,2.63
22.04.2013 00:02:30.485,1.02765,1.02752,1.50,2.63
22.04.2013 00:02:30.724,1.02762,1.02747,3.00,7.13
22.04.2013 00:02:31.284,1.02762,1.02747,3.00,4.13
22.04.2013 00:02:32.334,1.02761,1.02748,1.50,1.50
22.04.2013 00:02:32.924,1.02761,1.02749,1.50,1.65
22.04.2013 00:02:33.043,1.02764,1.02754,2.25,1.65
22.04.2013 00:02:33.103,1.02767,1.02754,3.00,1.65
22.04.2013 00:02:33.164,1.02767,1.02750,2.25,2.78
22.04.2013 00:02:33.406,1.02766,1.02751,1.50,1.13
22.04.2013 00:02:33.837,1.02766,1.02757,3.00,2.25
22.04.2013 00:02:34.217,1.02767,1.02752,1.50,3.00
22.04.2013 00:02:34.344,1.02766,1.02751,1.50,4.28
22.04.2013 00:02:34.414,1.02766,1.02751,1.50,4.28
22.04.2013 00:02:34.964,1.02764,1.02751,1.50,3.15
22.04.2013 00:02:35.568,1.02762,1.02752,1.50,1.50
22.04.2013 00:02:37.422,1.02764,1.02751,1.50,3.15
22.04.2013 00:02:38.442,1.02762,1.02752,1.50,1.50
22.04.2013 00:02:40.381,1.02764,1.02751,1.50,3.15
22.04.2013 00:02:40.583,1.02764,1.02751,1.50,3.15
22.04.2013 00:02:40.647,1.02764,1.02752,1.50,1.50
22.04.2013 00:02:41.113,1.02763,1.02751,1.50,3.15
22.04.2013 00:02:41.838,1.02763,1.02751,1.50,3.90
22.04.2013 00:02:46.803,1.02762,1.02751,1.50,3.15
22.04.2013 00:02:47.285,1.02762,1.02751,1.50,3.15
22.04.2013 00:02:56.134,1.02762,1.02751,1.50,2.25
22.04.2013 00:02:56.194,1.02762,1.02748,3.00,2.25
22.04.2013 00:02:56.433,1.02760,1.02747,2.25,2.25
22.04.2013 00:02:57.624,1.02757,1.02747,1.50,2.25
22.04.2013 00:02:58.177,1.02757,1.02747,1.50,2.25
22.04.2013 00:02:58.723,1.02757,1.02747,1.50,2.25
22.04.2013 00:02:59.363,1.02757,1.02747,1.50,2.25
22.04.2013 00:02:59.892,1.02757,1.02747,1.50,2.25
22.04.2013 00:03:00.413,1.02757,1.02747,1.50,2.25
22.04.2013 00:03:00.653,1.02753,1.02743,1.50,1.65
22.04.2013 00:03:00.715,1.02754,1.02742,2.40,1.88
22.04.2013 00:03:01.074,1.02752,1.02741,1.50,1.65
22.04.2013 00:03:01.565,1.02758,1.02741,3.38,3.00
22.04.2013 00:03:01.683,1.02758,1.02747,1.13,2.25
22.04.2013 00:03:01.804,1.02758,1.02747,1.13,2.25
22.04.2013 00:03:01.983,1.02756,1.02747,1.50,2.25
22.04.2013 00:03:02.535,1.02758,1.02747,1.88,2.25
22.04.2013 00:03:02.873,1.02756,1.02747,1.50,2.25
22.04.2013 00:03:04.284,1.02760,1.02747,1.50,2.25
22.04.2013 00:03:04.532,1.02760,1.02747,1.50,2.25
22.04.2013 00:03:04.712,1.02760,1.02747,1.50,2.25
22.04.2013 00:03:05.263,1.02760,1.02747,1.50,2.25
22.04.2013 00:03:05.813,1.02760,1.02747,1.50,2.25
22.04.2013 00:03:05.993,1.02759,1.02747,1.50,2.25
22.04.2013 00:03:06.847,1.02759,1.02747,1.50,2.25
22.04.2013 00:03:07.593,1.02759,1.02747,1.50,2.25
22.04.2013 00:03:08.124,1.02758,1.02747,2.25,2.25
22.04.2013 00:03:08.244,1.02757,1.02747,2.25,2.25
22.04.2013 00:03:08.364,1.02758,1.02747,2.25,2.25
22.04.2013 00:03:08.544,1.02759,1.02747,2.25,2.25
22.04.2013 00:03:08.665,1.02759,1.02747,2.25,2.25
22.04.2013 00:03:08.784,1.02759,1.02747,2.25,2.25
22.04.2013 00:03:09.454,1.02760,1.02747,1.50,2.25
22.04.2013 00:03:10.322,1.02760,1.02747,1.50,2.25
22.04.2013 00:03:10.443,1.02762,1.02747,4.88,2.25
22.04.2013 00:03:10.803,1.02762,1.02748,2.63,1.50
22.04.2013 00:03:11.047,1.02762,1.02747,2.63,2.25
22.04.2013 00:03:11.594,1.02762,1.02748,3.38,1.50
22.04.2013 00:03:12.144,1.02762,1.02748,2.63,1.50
22.04.2013 00:03:12.563,1.02762,1.02748,2.63,1.50
22.04.2013 00:03:14.005,1.02762,1.02748,3.38,1.50
22.04.2013 00:03:14.123,1.02762,1.02748,3.38,1.50
22.04.2013 00:03:14.633,1.02762,1.02747,3.38,2.25
22.04.2013 00:03:15.175,1.02762,1.02748,3.38,1.50
22.04.2013 00:03:16.743,1.02758,1.02743,1.50,1.50
22.04.2013 00:03:16.863,1.02758,1.02743,2.25,1.50
22.04.2013 00:03:16.924,1.02753,1.02741,2.25,1.50
22.04.2013 00:03:17.045,1.02753,1.02738,2.25,3.00
22.04.2013 00:03:18.457,1.02752,1.02746,1.13,2.25
22.04.2013 00:03:18.583,1.02756,1.02746,1.50,3.75
22.04.2013 00:03:18.706,1.02756,1.02746,1.50,3.75
22.04.2013 00:03:18.822,1.02761,1.02746,5.63,3.75
22.04.2013 00:03:19.343,1.02761,1.02746,3.38,3.75
22.04.2013 00:03:20.097,1.02761,1.02746,2.63,3.75
22.04.2013 00:03:20.542,1.02761,1.02746,1.88,4.50
22.04.2013 00:03:20.602,1.02761,1.02747,1.13,1.50
22.04.2013 00:03:21.394,1.02761,1.02747,1.13,1.50
22.04.2013 00:03:22.345,1.02758,1.02746,1.50,3.00
22.04.2013 00:03:22.403,1.02756,1.02743,1.65,1.88
22.04.2013 00:03:22.584,1.02754,1.02740,1.50,3.00
22.04.2013 00:03:22.644,1.02754,1.02738,1.50,1.13
22.04.2013 00:03:22.704,1.02756,1.02739,1.50,1.65
22.04.2013 00:03:22.765,1.02757,1.02739,1.88,1.65
22.04.2013 00:03:23.304,1.02756,1.02741,1.50,1.65
22.04.2013 00:03:23.755,1.02756,1.02741,1.50,1.65
22.04.2013 00:03:24.942,1.02756,1.02741,1.50,1.65
22.04.2013 00:03:25.484,1.02756,1.02742,1.50,3.00
22.04.2013 00:03:25.811,1.02753,1.02739,2.25,1.13
22.04.2013 00:03:25.933,1.02753,1.02737,2.25,2.63
22.04.2013 00:03:26.843,1.02752,1.02737,1.50,2.25
22.04.2013 00:03:27.363,1.02752,1.02738,1.50,1.50
22.04.2013 00:03:27.793,1.02753,1.02738,3.00,1.50
22.04.2013 00:03:28.338,1.02752,1.02738,1.50,1.50
22.04.2013 00:03:29.553,1.02752,1.02738,1.50,1.50
22.04.2013 00:03:30.295,1.02752,1.02737,2.25,2.25
22.04.2013 00:03:31.233,1.02752,1.02737,2.25,2.25
22.04.2013 00:03:33.665,1.02752,1.02737,2.40,1.50
22.04.2013 00:03:33.725,1.02748,1.02736,1.50,1.50
22.04.2013 00:03:33.845,1.02748,1.02732,1.50,2.63
22.04.2013 00:03:33.909,1.02750,1.02737,1.13,2.25
22.04.2013 00:03:34.245,1.02749,1.02738,1.50,1.50
22.04.2013 00:03:34.815,1.02750,1.02737,1.13,3.00
22.04.2013 00:03:35.603,1.02750,1.02738,1.13,1.50
22.04.2013 00:03:35.663,1.02750,1.02737,1.13,3.00
22.04.2013 00:03:37.835,1.02751,1.02738,3.00,1.50
22.04.2013 00:03:38.283,1.02751,1.02738,1.13,1.50
22.04.2013 00:03:43.433,1.02752,1.02738,2.25,2.25
22.04.2013 00:03:44.335,1.02752,1.02738,1.50,2.25
22.04.2013 00:03:45.303,1.02752,1.02738,2.25,2.25
22.04.2013 00:03:45.483,1.02752,1.02738,2.25,2.25
22.04.2013 00:03:45.830,1.02752,1.02738,2.25,2.25
22.04.2013 00:03:45.902,1.02752,1.02738,2.25,2.25
22.04.2013 00:03:46.414,1.02752,1.02741,2.25,1.50
22.04.2013 00:03:46.472,1.02752,1.02740,1.50,1.50
22.04.2013 00:03:46.714,1.02756,1.02743,1.50,1.50
22.04.2013 00:03:46.775,1.02757,1.02742,1.50,3.00
22.04.2013 00:03:46.893,1.02759,1.02747,1.13,2.25
22.04.2013 00:03:47.012,1.02761,1.02747,1.50,2.25
22.04.2013 00:03:48.282,1.02760,1.02747,1.50,3.00
22.04.2013 00:03:48.343,1.02760,1.02748,2.25,1.50
22.04.2013 00:03:48.865,1.02760,1.02748,2.25,1.50
22.04.2013 00:03:49.043,1.02760,1.02748,1.50,1.50
22.04.2013 00:03:49.163,1.02762,1.02748,1.50,2.25
22.04.2013 00:03:49.464,1.02767,1.02751,2.63,2.25
22.04.2013 00:03:49.703,1.02768,1.02751,1.50,4.13
22.04.2013 00:03:50.233,1.02768,1.02752,1.50,1.50
22.04.2013 00:03:50.653,1.02768,1.02752,2.25,1.50
22.04.2013 00:03:50.845,1.02762,1.02751,1.50,2.25
22.04.2013 00:03:51.024,1.02764,1.02751,2.25,3.00
22.04.2013 00:03:51.084,1.02763,1.02751,2.25,2.25
22.04.2013 00:03:51.143,1.02763,1.02749,2.25,1.50
22.04.2013 00:03:51.204,1.02765,1.02747,2.03,2.25
22.04.2013 00:03:51.324,1.02765,1.02747,2.78,2.25
22.04.2013 00:03:51.682,1.02766,1.02753,1.50,1.50
22.04.2013 00:03:51.743,1.02766,1.02752,1.50,2.25
22.04.2013 00:03:52.383,1.02767,1.02753,2.63,1.50
22.04.2013 00:03:54.193,1.02767,1.02753,2.63,1.50
22.04.2013 00:03:54.754,1.02767,1.02753,2.63,1.50
22.04.2013 00:03:55.313,1.02765,1.02753,2.25,1.50
22.04.2013 00:03:56.872,1.02765,1.02753,2.25,1.50
22.04.2013 00:03:57.053,1.02762,1.02749,1.50,1.13
22.04.2013 00:03:57.608,1.02762,1.02749,2.25,1.13
22.04.2013 00:03:57.733,1.02762,1.02749,2.25,1.13
22.04.2013 00:03:58.243,1.02762,1.02749,2.25,1.13
22.04.2013 00:03:58.792,1.02761,1.02749,2.25,1.13
22.04.2013 00:04:00.414,1.02762,1.02753,1.50,1.65
22.04.2013 00:04:00.595,1.02762,1.02753,1.50,1.65
22.04.2013 00:04:00.713,1.02765,1.02753,2.25,2.25
22.04.2013 00:04:00.772,1.02765,1.02751,2.25,2.25
22.04.2013 00:04:00.833,1.02764,1.02751,1.50,2.25
22.04.2013 00:04:01.013,1.02770,1.02753,2.78,1.50
22.04.2013 00:04:01.133,1.02767,1.02752,1.50,4.50
22.04.2013 00:04:01.313,1.02765,1.02752,1.50,1.50
22.04.2013 00:04:01.863,1.02765,1.02752,2.25,1.50
22.04.2013 00:04:02.394,1.02765,1.02752,2.25,1.50
22.04.2013 00:04:02.753,1.02764,1.02752,1.50,1.50
22.04.2013 00:04:03.874,1.02764,1.02756,1.50,2.25
22.04.2013 00:04:04.054,1.02767,1.02754,3.00,3.15
22.04.2013 00:04:04.122,1.02766,1.02754,1.50,3.15
22.04.2013 00:04:04.184,1.02766,1.02754,1.50,2.25
22.04.2013 00:04:04.724,1.02764,1.02753,1.50,1.50
22.04.2013 00:04:05.282,1.02765,1.02753,1.50,1.50
22.04.2013 00:04:06.184,1.02767,1.02753,3.00,1.50
22.04.2013 00:04:06.363,1.02767,1.02754,1.50,1.88
22.04.2013 00:04:06.663,1.02767,1.02754,1.50,1.50
22.04.2013 00:04:07.223,1.02767,1.02755,1.50,1.50
22.04.2013 00:04:07.734,1.02767,1.02754,1.50,2.63
22.04.2013 00:04:08.443,1.02767,1.02755,1.50,1.50
22.04.2013 00:04:08.964,1.02767,1.02755,1.50,1.50
22.04.2013 00:04:09.204,1.02767,1.02754,2.25,2.63
22.04.2013 00:04:09.745,1.02767,1.02753,1.50,1.50
22.04.2013 00:04:10.153,1.02767,1.02753,1.50,1.50
22.04.2013 00:04:10.984,1.02768,1.02753,2.25,1.50
22.04.2013 00:04:17.463,1.02769,1.02752,1.50,1.13
22.04.2013 00:04:18.173,1.02769,1.02752,1.50,1.88
22.04.2013 00:04:18.294,1.02769,1.02754,1.88,1.50
22.04.2013 00:04:19.203,1.02769,1.02753,1.88,1.50
22.04.2013 00:04:19.726,1.02769,1.02753,1.88,1.50
22.04.2013 00:04:25.444,1.02769,1.02753,1.50,1.50
22.04.2013 00:04:27.604,1.02768,1.02756,1.50,1.50
22.04.2013 00:04:28.113,1.02768,1.02756,1.50,1.50
22.04.2013 00:04:30.173,1.02768,1.02756,2.25,1.50
22.04.2013 00:04:33.864,1.02771,1.02757,1.50,1.50
22.04.2013 00:04:34.413,1.02772,1.02757,1.50,3.00
22.04.2013 00:04:34.963,1.02772,1.02757,1.50,3.00
22.04.2013 00:04:35.473,1.02772,1.02758,1.50,1.50
22.04.2013 00:04:37.303,1.02772,1.02756,1.50,3.00
22.04.2013 00:04:37.782,1.02772,1.02757,1.50,1.50
22.04.2013 00:04:38.503,1.02772,1.02757,2.25,1.50
22.04.2013 00:04:39.514,1.02772,1.02757,3.75,1.50
22.04.2013 00:04:39.694,1.02772,1.02757,2.25,1.50
22.04.2013 00:04:40.300,1.02772,1.02757,2.25,1.50
22.04.2013 00:04:40.564,1.02772,1.02757,2.25,1.50
22.04.2013 00:04:41.303,1.02772,1.02757,1.50,1.50
22.04.2013 00:04:41.502,1.02771,1.02757,1.50,1.50
22.04.2013 00:04:42.025,1.02771,1.02757,1.50,1.50
22.04.2013 00:04:45.673,1.02770,1.02757,1.50,1.50
22.04.2013 00:04:46.864,1.02769,1.02756,1.50,2.25
22.04.2013 00:04:46.984,1.02770,1.02757,3.00,2.25
22.04.2013 00:04:47.165,1.02770,1.02757,1.50,2.25
22.04.2013 00:04:47.283,1.02770,1.02757,1.50,2.25
22.04.2013 00:04:47.583,1.02770,1.02757,1.50,2.25
22.04.2013 00:04:49.013,1.02772,1.02757,3.38,1.50
22.04.2013 00:04:49.522,1.02772,1.02757,3.38,2.25
22.04.2013 00:04:50.043,1.02771,1.02757,1.50,2.25
22.04.2013 00:04:50.223,1.02771,1.02757,1.50,2.25
22.04.2013 00:04:53.223,1.02771,1.02757,2.25,1.50
22.04.2013 00:04:53.703,1.02768,1.02754,2.25,1.50
22.04.2013 00:04:53.883,1.02763,1.02750,1.50,1.13
22.04.2013 00:04:54.005,1.02762,1.02748,1.50,1.13
22.04.2013 00:04:54.064,1.02762,1.02747,1.65,3.38
22.04.2013 00:04:54.743,1.02759,1.02744,3.15,2.63
22.04.2013 00:04:54.818,1.02759,1.02744,3.15,1.13
22.04.2013 00:04:55.373,1.02759,1.02744,3.15,1.13
22.04.2013 00:04:55.784,1.02759,1.02744,3.90,1.13
22.04.2013 00:04:57.453,1.02759,1.02742,3.53,3.75
22.04.2013 00:04:57.583,1.02759,1.02742,4.28,3.75
22.04.2013 00:04:58.603,1.02758,1.02743,1.50,1.50
22.04.2013 00:04:59.125,1.02758,1.02743,1.50,1.50
22.04.2013 00:04:59.653,1.02758,1.02743,1.50,1.50
22.04.2013 00:05:00.653,1.02759,1.02742,3.53,1.50
22.04.2013 00:05:02.805,1.02759,1.02744,3.15,1.50
22.04.2013 00:05:02.924,1.02759,1.02746,2.40,1.50
22.04.2013 00:05:03.103,1.02763,1.02747,4.13,3.00
22.04.2013 00:05:03.404,1.02763,1.02750,1.13,2.40
22.04.2013 00:05:03.463,1.02767,1.02750,1.88,3.15
22.04.2013 00:05:03.703,1.02767,1.02750,1.13,3.90
22.04.2013 00:05:04.193,1.02768,1.02752,1.88,1.50
22.04.2013 00:05:04.314,1.02769,1.02754,1.50,1.50
22.04.2013 00:05:04.554,1.02771,1.02756,1.13,2.25
22.04.2013 00:05:04.734,1.02773,1.02756,4.50,4.13
22.04.2013 00:05:05.274,1.02773,1.02757,3.00,2.25
22.04.2013 00:05:05.753,1.02773,1.02758,2.25,1.50
22.04.2013 00:05:06.502,1.02773,1.02759,2.25,1.50
22.04.2013 00:05:06.983,1.02773,1.02759,3.00,1.50
22.04.2013 00:05:07.963,1.02773,1.02758,3.00,1.88
22.04.2013 00:05:13.022,1.02773,1.02757,1.50,1.88
22.04.2013 00:05:13.144,1.02773,1.02757,1.50,1.88
22.04.2013 00:05:13.695,1.02775,1.02761,1.50,2.25
22.04.2013 00:05:13.814,1.02778,1.02761,1.88,2.25
22.04.2013 00:05:13.874,1.02776,1.02761,1.50,1.50
22.04.2013 00:05:14.233,1.02777,1.02761,2.25,2.40
22.04.2013 00:05:14.298,1.02777,1.02761,1.50,2.40
22.04.2013 00:05:14.605,1.02773,1.02761,1.50,1.50
22.04.2013 00:05:27.573,1.02773,1.02763,3.00,1.50
22.04.2013 00:05:27.813,1.02773,1.02762,2.25,3.00
22.04.2013 00:05:27.873,1.02773,1.02764,1.50,1.50
22.04.2013 00:05:28.113,1.02781,1.02766,1.88,1.50
22.04.2013 00:05:28.174,1.02781,1.02766,1.88,1.50
22.04.2013 00:05:28.294,1.02780,1.02763,1.50,1.50
22.04.2013 00:05:28.414,1.02781,1.02764,2.03,1.50
22.04.2013 00:05:28.474,1.02781,1.02764,1.88,1.65
22.04.2013 00:05:28.773,1.02783,1.02767,3.38,1.50
22.04.2013 00:05:28.833,1.02783,1.02767,2.63,1.50
22.04.2013 00:05:29.383,1.02783,1.02767,3.38,3.00
22.04.2013 00:05:29.922,1.02783,1.02767,3.38,2.25
22.04.2013 00:05:30.863,1.02783,1.02768,3.00,1.50
22.04.2013 00:05:30.923,1.02783,1.02767,3.00,4.50
22.04.2013 00:05:31.574,1.02783,1.02767,3.00,4.50
22.04.2013 00:05:32.209,1.02783,1.02767,3.00,4.50
22.04.2013 00:05:35.472,1.02783,1.02768,3.00,1.50
22.04.2013 00:05:36.072,1.02783,1.02769,2.25,2.25
22.04.2013 00:05:37.928,1.02783,1.02770,2.25,2.25
22.04.2013 00:05:38.464,1.02783,1.02770,2.25,1.50
22.04.2013 00:05:40.603,1.02784,1.02771,3.00,1.50
22.04.2013 00:05:40.664,1.02786,1.02773,1.50,1.65
22.04.2013 00:05:40.903,1.02789,1.02775,1.50,3.15
22.04.2013 00:05:41.086,1.02789,1.02776,1.50,1.50
22.04.2013 00:05:41.332,1.02789,1.02775,1.50,1.65
22.04.2013 00:05:41.633,1.02786,1.02773,1.50,1.65
22.04.2013 00:05:41.813,1.02784,1.02772,1.50,1.50
22.04.2013 00:05:41.934,1.02783,1.02769,3.00,1.50
22.04.2013 00:05:42.475,1.02782,1.02769,2.25,3.75
22.04.2013 00:05:45.133,1.02782,1.02770,2.25,1.65
22.04.2013 00:05:45.253,1.02783,1.02774,1.50,1.65
22.04.2013 00:05:45.373,1.02785,1.02772,2.25,1.50
22.04.2013 00:05:45.493,1.02784,1.02771,1.50,4.28
22.04.2013 00:05:45.793,1.02784,1.02771,1.50,2.03
22.04.2013 00:05:50.184,1.02784,1.02771,2.25,1.65
22.04.2013 00:05:52.813,1.02784,1.02769,2.25,2.40
22.04.2013 00:05:53.353,1.02784,1.02771,1.50,1.65
22.04.2013 00:05:53.913,1.02785,1.02771,1.50,1.65
22.04.2013 00:05:54.243,1.02785,1.02771,1.50,1.65
22.04.2013 00:05:56.923,1.02785,1.02771,1.50,2.40
22.04.2013 00:06:00.663,1.02785,1.02771,1.50,2.40
22.04.2013 00:06:03.063,1.02786,1.02771,2.25,2.25
22.04.2013 00:06:03.614,1.02787,1.02771,2.25,3.00
22.04.2013 00:06:03.924,1.02786,1.02771,1.50,3.00
22.04.2013 00:06:04.103,1.02787,1.02771,2.25,3.00
22.04.2013 00:06:04.405,1.02785,1.02771,1.50,3.00
22.04.2013 00:06:05.785,1.02785,1.02771,1.50,3.00
22.04.2013 00:06:06.712,1.02785,1.02771,1.50,2.25
22.04.2013 00:06:06.773,1.02786,1.02771,1.50,1.50
22.04.2013 00:06:07.583,1.02785,1.02771,1.50,2.25
22.04.2013 00:06:16.053,1.02785,1.02773,1.50,1.50
22.04.2013 00:06:16.413,1.02789,1.02781,2.25,1.50
22.04.2013 00:06:16.653,1.02795,1.02781,1.88,1.50
22.04.2013 00:06:17.983,1.02793,1.02781,1.50,1.50
22.04.2013 00:06:18.522,1.02793,1.02780,1.50,2.40
22.04.2013 00:06:18.707,1.02792,1.02779,1.50,2.25
22.04.2013 00:06:18.953,1.02795,1.02781,3.38,2.25
22.04.2013 00:06:19.493,1.02795,1.02781,1.50,2.25
22.04.2013 00:06:20.035,1.02794,1.02781,1.50,1.50
22.04.2013 00:06:20.709,1.02794,1.02781,1.50,2.25
22.04.2013 00:06:21.214,1.02795,1.02781,1.50,2.25
22.04.2013 00:06:23.713,1.02794,1.02781,1.50,2.25
22.04.2013 00:06:23.773,1.02794,1.02781,1.50,2.25
22.04.2013 00:06:24.403,1.02794,1.02781,1.50,2.25
22.04.2013 00:06:26.544,1.02797,1.02781,1.50,3.38
22.04.2013 00:06:26.605,1.02799,1.02786,1.88,1.50
22.04.2013 00:06:26.664,1.02802,1.02786,3.15,3.00
22.04.2013 00:06:26.724,1.02802,1.02787,1.50,1.50
22.04.2013 00:06:27.275,1.02803,1.02788,1.50,1.50
22.04.2013 00:06:27.784,1.02803,1.02788,1.50,1.35
22.04.2013 00:06:28.322,1.02802,1.02788,1.50,1.50
22.04.2013 00:06:28.623,1.02802,1.02788,1.50,1.50
22.04.2013 00:06:30.353,1.02802,1.02787,1.50,1.88
22.04.2013 00:06:30.834,1.02801,1.02786,2.25,1.50
22.04.2013 00:06:31.383,1.02800,1.02786,1.50,1.50
22.04.2013 00:06:31.923,1.02799,1.02783,3.00,3.15
22.04.2013 00:06:31.984,1.02799,1.02782,3.00,1.88
22.04.2013 00:06:32.523,1.02798,1.02781,1.50,1.65
22.04.2013 00:06:32.763,1.02798,1.02782,1.50,1.50
22.04.2013 00:06:33.303,1.02798,1.02781,2.25,2.40
22.04.2013 00:06:34.614,1.02796,1.02781,1.65,1.50
22.04.2013 00:06:34.794,1.02794,1.02778,3.00,1.88
22.04.2013 00:06:35.373,1.02793,1.02778,2.25,1.13
22.04.2013 00:06:36.482,1.02792,1.02779,1.50,1.13
22.04.2013 00:06:45.354,1.02793,1.02776,3.00,3.75
22.04.2013 00:06:45.503,1.02793,1.02777,3.00,1.50
22.04.2013 00:06:46.673,1.02793,1.02777,2.25,1.50
22.04.2013 00:06:46.853,1.02793,1.02777,2.25,1.50
22.04.2013 00:06:47.365,1.02793,1.02777,2.25,1.88
22.04.2013 00:06:49.373,1.02793,1.02777,2.25,1.88
22.04.2013 00:06:50.553,1.02793,1.02777,2.25,1.88
22.04.2013 00:06:51.014,1.02793,1.02777,2.25,1.88
22.04.2013 00:06:59.704,1.02791,1.02777,1.50,1.88
22.04.2013 00:07:03.164,1.02793,1.02778,1.50,1.50
22.04.2013 00:07:03.673,1.02793,1.02778,1.50,1.50
22.04.2013 00:07:05.204,1.02793,1.02778,1.50,1.50
22.04.2013 00:07:05.504,1.02797,1.02786,1.13,1.65
22.04.2013 00:07:05.623,1.02796,1.02784,1.50,2.25
22.04.2013 00:07:05.684,1.02795,1.02783,1.50,3.00
22.04.2013 00:07:05.924,1.02796,1.02786,1.50,1.50
22.04.2013 00:07:05.984,1.02797,1.02786,1.50,1.50
22.04.2013 00:07:06.164,1.02798,1.02784,3.00,1.50
22.04.2013 00:07:06.344,1.02797,1.02782,1.50,1.50
22.04.2013 00:07:06.403,1.02795,1.02786,1.50,3.15
22.04.2013 00:07:06.583,1.02797,1.02786,1.50,3.90
22.04.2013 00:07:06.703,1.02798,1.02786,1.50,3.90
22.04.2013 00:07:06.764,1.02799,1.02786,1.50,3.90
22.04.2013 00:07:07.003,1.02799,1.02783,4.50,1.50
22.04.2013 00:07:07.543,1.02796,1.02781,1.50,2.63
22.04.2013 00:07:10.695,1.02794,1.02781,1.50,2.25
22.04.2013 00:07:11.493,1.02795,1.02781,1.50,2.25
22.04.2013 00:07:12.333,1.02796,1.02781,1.50,2.25
22.04.2013 00:07:12.814,1.02795,1.02781,1.50,3.00
22.04.2013 00:07:12.993,1.02795,1.02781,1.50,3.00
22.04.2013 00:07:15.365,1.02794,1.02781,1.50,2.25
22.04.2013 00:07:15.544,1.02793,1.02781,1.50,1.50
22.04.2013 00:07:15.603,1.02793,1.02781,1.50,1.50
22.04.2013 00:07:16.924,1.02794,1.02781,3.00,2.25
22.04.2013 00:07:17.298,1.02795,1.02782,1.50,1.50
22.04.2013 00:07:19.354,1.02795,1.02782,1.50,1.50
22.04.2013 00:07:22.225,1.02796,1.02782,1.50,1.65
22.04.2013 00:07:23.844,1.02796,1.02782,1.50,1.50
22.04.2013 00:07:23.963,1.02793,1.02780,2.25,1.50
22.04.2013 00:07:24.503,1.02793,1.02778,2.25,2.63
22.04.2013 00:07:24.869,1.02793,1.02778,2.25,2.63
22.04.2013 00:07:25.244,1.02795,1.02781,1.50,2.40
22.04.2013 00:07:25.303,1.02795,1.02781,1.50,2.40
22.04.2013 00:07:25.483,1.02796,1.02781,1.50,3.15
22.04.2013 00:07:25.963,1.02796,1.02781,3.00,2.25
22.04.2013 00:07:29.695,1.02793,1.02779,1.50,1.50
22.04.2013 00:07:29.814,1.02792,1.02777,1.50,2.63
22.04.2013 00:07:29.873,1.02792,1.02778,1.50,1.50
22.04.2013 00:07:30.383,1.02792,1.02778,1.50,1.50
22.04.2013 00:07:30.833,1.02792,1.02778,1.50,1.50
22.04.2013 00:07:31.493,1.02792,1.02778,1.50,1.50
22.04.2013 00:07:31.673,1.02792,1.02778,1.50,1.50
22.04.2013 00:07:31.974,1.02792,1.02778,1.50,1.50
22.04.2013 00:07:34.552,1.02794,1.02778,3.00,1.50
22.04.2013 00:07:42.804,1.02794,1.02778,3.00,1.50
22.04.2013 00:07:46.003,1.02794,1.02778,3.00,1.50
22.04.2013 00:07:46.063,1.02794,1.02778,3.00,1.50
22.04.2013 00:07:47.093,1.02794,1.02779,3.00,1.50
22.04.2013 00:07:47.160,1.02794,1.02779,3.00,1.50
22.04.2013 00:08:00.493,1.02792,1.02779,1.50,1.88
22.04.2013 00:08:01.035,1.02792,1.02779,1.50,1.13
22.04.2013 00:08:01.333,1.02792,1.02779,1.50,1.88
22.04.2013 00:08:02.523,1.02792,1.02779,1.50,1.88
22.04.2013 00:08:02.953,1.02792,1.02779,1.50,1.13
22.04.2013 00:08:03.134,1.02792,1.02779,1.50,1.13
22.04.2013 00:08:03.373,1.02792,1.02777,1.50,2.63
22.04.2013 00:08:03.914,1.02792,1.02777,1.50,2.63
22.04.2013 00:08:04.164,1.02791,1.02777,1.50,2.63
22.04.2013 00:08:06.753,1.02791,1.02777,1.50,2.63
22.04.2013 00:08:10.910,1.02791,1.02777,1.50,1.88
22.04.2013 00:08:11.038,1.02790,1.02776,1.50,2.25
22.04.2013 00:08:11.224,1.02789,1.02773,1.65,1.88
22.04.2013 00:08:11.344,1.02787,1.02771,1.50,3.38
22.04.2013 00:08:11.704,1.02787,1.02771,1.50,2.63
22.04.2013 00:08:11.823,1.02787,1.02771,1.50,2.63
22.04.2013 00:08:12.555,1.02788,1.02771,1.50,2.63
22.04.2013 00:08:17.173,1.02787,1.02771,1.50,2.63
22.04.2013 00:08:17.919,1.02787,1.02771,1.50,2.63
22.04.2013 00:08:18.933,1.02787,1.02771,1.50,2.63
22.04.2013 00:08:19.494,1.02786,1.02771,1.50,1.88
22.04.2013 00:08:19.553,1.02786,1.02771,1.50,1.13
22.04.2013 00:08:19.863,1.02786,1.02771,1.50,1.88
22.04.2013 00:08:20.373,1.02787,1.02771,2.25,1.88
22.04.2013 00:08:20.553,1.02785,1.02771,2.25,1.88
22.04.2013 00:08:21.073,1.02785,1.02771,2.25,1.50
22.04.2013 00:08:21.623,1.02784,1.02771,1.50,1.50
22.04.2013 00:08:21.743,1.02783,1.02770,2.25,1.88
22.04.2013 00:08:21.984,1.02785,1.02771,2.25,2.25
22.04.2013 00:08:22.103,1.02785,1.02771,2.25,2.25
22.04.2013 00:08:22.644,1.02786,1.02771,1.13,2.25
22.04.2013 00:08:23.203,1.02786,1.02771,1.13,2.25
22.04.2013 00:08:23.383,1.02786,1.02772,1.13,1.50
22.04.2013 00:08:23.743,1.02786,1.02771,1.88,2.25
22.04.2013 00:08:24.554,1.02786,1.02772,1.50,1.13
22.04.2013 00:08:25.093,1.02787,1.02773,2.25,1.50
22.04.2013 00:08:25.153,1.02786,1.02773,1.65,1.50
22.04.2013 00:08:25.273,1.02783,1.02771,2.25,1.88
22.04.2013 00:08:25.453,1.02786,1.02771,1.50,1.50
22.04.2013 00:08:25.633,1.02787,1.02771,3.15,2.25
22.04.2013 00:08:25.693,1.02787,1.02771,3.15,2.25
22.04.2013 00:08:27.994,1.02787,1.02771,2.25,1.50
22.04.2013 00:08:28.054,1.02786,1.02771,1.50,2.25
22.04.2013 00:08:28.597,1.02786,1.02771,2.25,2.25
22.04.2013 00:08:30.465,1.02784,1.02771,1.50,2.25
22.04.2013 00:08:30.583,1.02783,1.02771,1.50,1.50
22.04.2013 00:08:31.124,1.02783,1.02771,1.50,2.25
22.04.2013 00:08:31.678,1.02784,1.02772,1.50,1.50
22.04.2013 00:08:32.194,1.02784,1.02772,1.50,1.50
22.04.2013 00:08:32.733,1.02784,1.02772,1.50,1.50
22.04.2013 00:08:32.853,1.02785,1.02772,2.25,1.50
22.04.2013 00:08:33.214,1.02785,1.02772,1.50,1.50
22.04.2013 00:08:33.453,1.02785,1.02772,1.50,1.50
22.04.2013 00:08:33.576,1.02786,1.02772,1.50,1.50
22.04.2013 00:08:33.633,1.02786,1.02772,1.50,1.50
22.04.2013 00:08:34.173,1.02788,1.02772,3.00,2.25
22.04.2013 00:08:34.724,1.02788,1.02773,2.25,1.50
22.04.2013 00:08:34.843,1.02788,1.02772,2.25,1.50
22.04.2013 00:08:34.905,1.02789,1.02776,2.25,3.00
22.04.2013 00:08:35.083,1.02791,1.02776,1.13,3.75
22.04.2013 00:08:35.205,1.02790,1.02777,1.50,1.50
22.04.2013 00:08:35.324,1.02791,1.02777,1.13,1.50
22.04.2013 00:08:35.444,1.02792,1.02777,1.50,1.50
22.04.2013 00:08:35.685,1.02793,1.02779,3.00,1.50
22.04.2013 00:08:36.003,1.02793,1.02779,3.00,1.50
22.04.2013 00:08:36.513,1.02793,1.02777,4.50,2.25
22.04.2013 00:08:36.872,1.02793,1.02777,4.50,2.25
22.04.2013 00:08:38.003,1.02793,1.02777,3.75,2.63
22.04.2013 00:08:40.843,1.02792,1.02777,1.50,2.63
22.04.2013 00:08:42.383,1.02791,1.02777,1.50,2.63
22.04.2013 00:08:42.953,1.02791,1.02777,1.50,2.25
22.04.2013 00:08:45.104,1.02792,1.02777,1.50,1.50
22.04.2013 00:08:45.283,1.02791,1.02777,1.50,2.25
22.04.2013 00:08:45.833,1.02792,1.02777,1.50,1.50
22.04.2013 00:08:46.154,1.02792,1.02777,1.50,1.50
22.04.2013 00:08:50.493,1.02793,1.02777,3.00,1.50
22.04.2013 00:08:50.613,1.02791,1.02777,1.50,1.50
22.04.2013 00:08:55.574,1.02793,1.02779,2.25,1.50
22.04.2013 00:08:55.814,1.02792,1.02779,1.50,1.50
22.04.2013 00:08:56.459,1.02793,1.02777,2.25,3.00
22.04.2013 00:08:56.527,1.02793,1.02779,3.00,1.50
22.04.2013 00:08:57.004,1.02792,1.02779,1.50,1.50
22.04.2013 00:08:57.692,1.02793,1.02777,3.75,1.50
22.04.2013 00:08:57.754,1.02792,1.02777,2.25,1.50
22.04.2013 00:08:58.064,1.02791,1.02777,1.50,2.25
22.04.2013 00:08:58.253,1.02792,1.02777,3.00,2.25
22.04.2013 00:08:58.313,1.02790,1.02777,1.50,2.25
22.04.2013 00:09:02.494,1.02792,1.02777,1.50,1.50
22.04.2013 00:09:02.613,1.02792,1.02777,2.25,1.50
22.04.2013 00:09:06.426,1.02791,1.02777,1.50,1.50
22.04.2013 00:09:09.553,1.02792,1.02777,4.50,1.50
22.04.2013 00:09:09.794,1.02791,1.02777,1.50,1.50
22.04.2013 00:09:10.473,1.02790,1.02777,2.25,1.50
22.04.2013 00:09:10.534,1.02790,1.02777,2.25,1.50
22.04.2013 00:09:11.074,1.02788,1.02777,1.50,1.50
22.04.2013 00:09:11.804,1.02790,1.02776,1.50,3.38
22.04.2013 00:09:11.924,1.02788,1.02776,1.50,1.13
22.04.2013 00:09:11.984,1.02789,1.02773,1.50,3.38
22.04.2013 00:09:12.569,1.02789,1.02773,1.50,2.63
22.04.2013 00:09:12.753,1.02789,1.02773,1.50,2.63
22.04.2013 00:09:12.825,1.02789,1.02774,1.50,1.50
22.04.2013 00:09:14.362,1.02784,1.02774,2.25,1.50
22.04.2013 00:09:14.613,1.02783,1.02770,1.50,1.13
22.04.2013 00:09:14.673,1.02787,1.02771,3.15,3.00
22.04.2013 00:09:14.735,1.02787,1.02771,3.00,3.00
22.04.2013 00:09:14.854,1.02787,1.02772,3.00,1.50
22.04.2013 00:09:15.342,1.02788,1.02772,2.25,1.50
22.04.2013 00:09:15.886,1.02788,1.02773,1.50,1.50
22.04.2013 00:09:16.417,1.02788,1.02773,1.50,1.50
22.04.2013 00:09:16.965,1.02788,1.02773,1.50,1.50
22.04.2013 00:09:17.390,1.02788,1.02773,1.50,1.50
22.04.2013 00:09:17.875,1.02784,1.02772,3.00,1.88
22.04.2013 00:09:18.053,1.02783,1.02770,1.50,1.50
22.04.2013 00:09:18.534,1.02784,1.02771,3.00,2.40
22.04.2013 00:09:18.715,1.02784,1.02771,2.25,2.78
22.04.2013 00:09:19.074,1.02789,1.02773,3.38,1.50
22.04.2013 00:09:19.513,1.02789,1.02773,3.38,1.50
22.04.2013 00:09:19.694,1.02789,1.02773,3.38,1.50
22.04.2013 00:09:19.756,1.02789,1.02773,3.38,1.50
22.04.2013 00:09:19.935,1.02789,1.02773,4.13,1.50
22.04.2013 00:09:20.724,1.02787,1.02772,1.50,1.50
22.04.2013 00:09:21.145,1.02784,1.02770,2.25,1.88
22.04.2013 00:09:21.264,1.02784,1.02768,2.25,1.88
22.04.2013 00:09:21.447,1.02783,1.02768,2.25,2.63
22.04.2013 00:09:21.574,1.02783,1.02767,2.25,3.38
22.04.2013 00:09:22.124,1.02783,1.02767,3.00,3.00
22.04.2013 00:09:22.424,1.02782,1.02767,1.50,3.00
22.04.2013 00:09:23.077,1.02782,1.02769,1.50,1.50
22.04.2013 00:09:23.674,1.02782,1.02769,1.50,1.50
22.04.2013 00:09:25.333,1.02782,1.02769,1.50,1.50
22.04.2013 00:09:26.363,1.02784,1.02771,1.50,1.50
22.04.2013 00:09:26.484,1.02788,1.02771,3.53,1.50
22.04.2013 00:09:26.664,1.02784,1.02771,2.25,2.63
22.04.2013 00:09:26.843,1.02783,1.02770,1.50,1.50
22.04.2013 00:09:27.023,1.02788,1.02772,3.38,1.50
22.04.2013 00:09:27.324,1.02788,1.02773,3.38,1.50
22.04.2013 00:09:27.986,1.02783,1.02771,1.50,1.13
22.04.2013 00:09:28.053,1.02781,1.02766,1.50,4.13
22.04.2013 00:09:28.174,1.02778,1.02766,1.50,1.50
22.04.2013 00:09:28.233,1.02778,1.02764,1.50,1.88
22.04.2013 00:09:28.353,1.02778,1.02762,2.25,2.63
22.04.2013 00:09:28.893,1.02778,1.02761,3.75,3.15
22.04.2013 00:09:29.313,1.02777,1.02763,1.50,1.50
22.04.2013 00:09:29.434,1.02781,1.02767,1.13,1.50
22.04.2013 00:09:29.973,1.02784,1.02767,3.75,2.25
22.04.2013 00:09:30.553,1.02782,1.02768,1.50,1.50
22.04.2013 00:09:31.349,1.02782,1.02768,1.50,1.50
22.04.2013 00:09:31.413,1.02782,1.02768,1.50,1.50
22.04.2013 00:09:31.925,1.02783,1.02768,1.50,1.50
22.04.2013 00:09:32.293,1.02782,1.02768,1.50,1.50
22.04.2013 00:09:32.872,1.02782,1.02768,1.50,1.50
22.04.2013 00:09:35.593,1.02783,1.02768,2.25,1.50
22.04.2013 00:09:36.683,1.02784,1.02772,1.50,1.50
22.04.2013 00:09:36.865,1.02786,1.02771,1.50,3.75
22.04.2013 00:09:37.402,1.02788,1.02772,1.88,2.25
22.04.2013 00:09:37.523,1.02788,1.02772,1.88,2.25
22.04.2013 00:09:38.185,1.02788,1.02772,2.63,2.25
22.04.2013 00:09:38.723,1.02788,1.02772,1.50,2.25
22.04.2013 00:09:41.462,1.02788,1.02773,2.25,1.50
22.04.2013 00:09:41.703,1.02791,1.02776,1.50,2.25
22.04.2013 00:09:42.003,1.02793,1.02778,1.50,1.50
22.04.2013 00:09:42.663,1.02793,1.02778,1.50,2.25
22.04.2013 00:09:43.754,1.02793,1.02778,1.50,1.50
22.04.2013 00:09:43.932,1.02793,1.02778,1.50,2.25
22.04.2013 00:09:44.443,1.02794,1.02780,3.00,1.65
22.04.2013 00:09:44.503,1.02794,1.02780,1.50,1.65
22.04.2013 00:09:45.053,1.02796,1.02781,3.00,3.00
22.04.2013 00:09:47.923,1.02793,1.02778,2.25,1.88
22.04.2013 00:09:47.983,1.02793,1.02777,2.25,4.13
22.04.2013 00:09:48.523,1.02792,1.02777,1.50,3.38
22.04.2013 00:09:49.180,1.02792,1.02777,1.50,4.13
22.04.2013 00:09:49.763,1.02792,1.02778,1.50,1.13
22.04.2013 00:09:52.104,1.02792,1.02777,1.50,4.13
22.04.2013 00:09:52.284,1.02792,1.02778,1.50,1.50
22.04.2013 00:09:52.414,1.02793,1.02778,2.25,1.50
22.04.2013 00:09:52.784,1.02793,1.02777,2.25,2.25
22.04.2013 00:09:53.310,1.02789,1.02777,2.25,2.25
22.04.2013 00:09:53.384,1.02784,1.02771,1.50,2.25
22.04.2013 00:09:53.454,1.02783,1.02769,1.50,1.13
22.04.2013 00:09:53.812,1.02783,1.02767,3.00,3.00
22.04.2013 00:09:54.352,1.02782,1.02767,2.63,1.50
22.04.2013 00:09:54.532,1.02781,1.02767,1.50,1.50
22.04.2013 00:09:54.953,1.02779,1.02765,2.25,1.50
22.04.2013 00:09:55.493,1.02779,1.02763,3.00,1.13
22.04.2013 00:09:55.614,1.02779,1.02764,3.00,1.28
22.04.2013 00:09:55.794,1.02781,1.02766,1.88,1.50
22.04.2013 00:09:55.912,1.02781,1.02766,1.13,2.25
22.04.2013 00:09:56.093,1.02783,1.02767,1.50,1.50
22.04.2013 00:09:56.333,1.02783,1.02770,1.50,2.25
22.04.2013 00:09:56.392,1.02784,1.02770,1.88,2.40
22.04.2013 00:09:56.574,1.02787,1.02771,1.13,1.65
22.04.2013 00:09:57.118,1.02787,1.02771,1.13,2.40
22.04.2013 00:09:57.364,1.02787,1.02773,1.13,1.50
22.04.2013 00:09:57.544,1.02789,1.02773,1.50,3.38
22.04.2013 00:09:58.202,1.02788,1.02775,1.50,1.50
22.04.2013 00:09:58.713,1.02788,1.02775,1.50,1.50
22.04.2013 00:09:59.013,1.02788,1.02775,1.50,1.50
22.04.2013 00:10:01.372,1.02788,1.02775,2.25,1.50
22.04.2013 00:10:05.216,1.02788,1.02775,1.50,1.50
22.04.2013 00:10:05.684,1.02788,1.02775,2.25,1.50
22.04.2013 00:10:05.863,1.02788,1.02775,2.25,1.50
22.04.2013 00:10:07.113,1.02788,1.02773,1.50,1.88
22.04.2013 00:10:07.195,1.02788,1.02775,2.25,1.50
22.04.2013 00:10:09.393,1.02788,1.02774,2.25,1.50
22.04.2013 00:10:09.754,1.02788,1.02772,2.25,1.88
22.04.2013 00:10:09.933,1.02787,1.02771,2.25,3.15
22.04.2013 00:10:10.373,1.02786,1.02772,1.50,2.25
22.04.2013 00:10:10.613,1.02791,1.02776,2.03,1.50
22.04.2013 00:10:10.732,1.02793,1.02776,1.50,2.25
22.04.2013 00:10:11.283,1.02793,1.02778,1.50,1.88
22.04.2013 00:10:11.944,1.02793,1.02778,2.25,2.63
22.04.2013 00:10:12.343,1.02793,1.02778,2.25,2.63
22.04.2013 00:10:12.523,1.02793,1.02778,1.50,2.63
22.04.2013 00:10:12.643,1.02793,1.02778,2.25,2.63
22.04.2013 00:10:13.123,1.02792,1.02778,1.50,2.63
22.04.2013 00:10:14.192,1.02792,1.02778,1.50,1.88
22.04.2013 00:10:14.433,1.02793,1.02778,3.00,1.13
22.04.2013 00:10:14.553,1.02792,1.02777,1.50,3.38
22.04.2013 00:10:14.675,1.02793,1.02778,3.00,1.13
22.04.2013 00:10:14.804,1.02791,1.02778,1.50,1.13
22.04.2013 00:10:15.190,1.02791,1.02778,1.50,1.13
22.04.2013 00:10:15.493,1.02792,1.02778,1.50,1.88
22.04.2013 00:10:16.003,1.02792,1.02778,1.50,1.88
22.04.2013 00:10:16.875,1.02792,1.02778,1.50,1.88
22.04.2013 00:10:17.782,1.02792,1.02778,1.50,1.13
22.04.2013 00:10:18.202,1.02793,1.02777,3.00,3.38
22.04.2013 00:10:19.224,1.02793,1.02777,2.25,3.38
22.04.2013 00:10:19.354,1.02792,1.02777,1.50,3.38
22.04.2013 00:10:19.753,1.02792,1.02777,1.50,3.38
22.04.2013 00:10:21.032,1.02792,1.02777,1.50,2.63
22.04.2013 00:10:21.094,1.02791,1.02777,1.50,1.13
22.04.2013 00:10:21.393,1.02788,1.02773,3.00,1.13
22.04.2013 00:10:21.452,1.02788,1.02771,3.38,2.40
22.04.2013 00:10:21.825,1.02787,1.02772,1.50,1.50
22.04.2013 00:10:22.223,1.02788,1.02772,2.63,1.50
22.04.2013 00:10:22.403,1.02788,1.02772,2.63,2.25
22.04.2013 00:10:22.524,1.02788,1.02772,1.88,1.50
22.04.2013 00:10:22.584,1.02788,1.02772,2.63,2.25
22.04.2013 00:10:23.443,1.02788,1.02772,2.25,2.25
22.04.2013 00:10:24.062,1.02788,1.02772,2.25,2.25
22.04.2013 00:10:28.829,1.02787,1.02771,1.50,3.53
22.04.2013 00:10:29.013,1.02786,1.02772,1.50,1.50
22.04.2013 00:10:29.663,1.02786,1.02772,1.50,1.50
22.04.2013 00:10:30.893,1.02786,1.02771,2.25,2.78
22.04.2013 00:10:31.253,1.02783,1.02768,3.00,2.63
22.04.2013 00:10:31.856,1.02783,1.02768,3.00,1.13
22.04.2013 00:10:31.926,1.02782,1.02767,1.50,2.25
22.04.2013 00:10:31.993,1.02778,1.02767,1.50,1.50
22.04.2013 00:10:32.173,1.02776,1.02763,3.75,1.65
22.04.2013 00:10:32.234,1.02776,1.02762,3.75,1.50
22.04.2013 00:10:32.773,1.02776,1.02761,1.50,2.63
22.04.2013 00:10:33.332,1.02775,1.02762,1.50,1.50
22.04.2013 00:10:33.883,1.02775,1.02761,1.50,2.25
22.04.2013 00:10:34.392,1.02775,1.02762,1.50,1.50
22.04.2013 00:10:34.932,1.02775,1.02761,1.50,3.00
22.04.2013 00:10:35.263,1.02779,1.02767,3.75,1.50
22.04.2013 00:10:35.743,1.02778,1.02763,3.00,1.50
22.04.2013 00:10:35.803,1.02775,1.02761,1.50,2.25
22.04.2013 00:10:35.863,1.02775,1.02765,1.50,2.25
22.04.2013 00:10:36.183,1.02777,1.02764,1.50,2.40
22.04.2013 00:10:36.243,1.02776,1.02761,1.50,3.75
22.04.2013 00:10:36.303,1.02774,1.02761,1.50,2.25
22.04.2013 00:10:36.616,1.02773,1.02759,1.50,1.88
22.04.2013 00:10:36.683,1.02774,1.02765,1.50,1.50
22.04.2013 00:10:37.043,1.02776,1.02766,2.18,1.65
22.04.2013 00:10:37.282,1.02776,1.02761,2.14,1.65
22.04.2013 00:10:37.403,1.02776,1.02766,2.89,2.40
22.04.2013 00:10:37.703,1.02776,1.02767,2.03,1.50
22.04.2013 00:10:43.653,1.02776,1.02766,1.39,2.40
22.04.2013 00:10:43.713,1.02776,1.02764,1.39,1.50
22.04.2013 00:10:43.774,1.02774,1.02762,1.50,1.50
22.04.2013 00:10:44.322,1.02774,1.02761,1.50,3.00
22.04.2013 00:10:44.922,1.02774,1.02761,1.50,3.00
22.04.2013 00:10:45.772,1.02774,1.02761,1.50,3.00
22.04.2013 00:10:45.892,1.02774,1.02762,2.25,1.50
22.04.2013 00:10:46.193,1.02775,1.02761,1.50,3.75
22.04.2013 00:10:46.806,1.02774,1.02762,1.50,1.50
22.04.2013 00:10:47.242,1.02774,1.02762,1.50,1.50
22.04.2013 00:10:48.973,1.02774,1.02762,1.50,1.50
22.04.2013 00:10:52.022,1.02773,1.02759,2.25,2.63
22.04.2013 00:10:52.682,1.02773,1.02758,3.00,1.50
22.04.2013 00:10:53.432,1.02773,1.02760,3.00,1.50
22.04.2013 00:10:53.733,1.02773,1.02760,3.00,1.50
22.04.2013 00:10:54.103,1.02773,1.02761,1.50,2.25
22.04.2013 00:10:54.283,1.02776,1.02761,1.88,2.25
22.04.2013 00:10:54.342,1.02778,1.02761,1.13,2.25
22.04.2013 00:10:54.403,1.02778,1.02761,1.13,3.75
22.04.2013 00:10:55.064,1.02779,1.02763,4.13,1.50
22.04.2013 00:10:55.453,1.02779,1.02763,4.88,1.50
22.04.2013 00:10:55.834,1.02778,1.02763,1.13,1.50
22.04.2013 00:10:58.023,1.02780,1.02766,1.50,2.25
22.04.2013 00:10:58.083,1.02782,1.02767,3.75,1.50
22.04.2013 00:10:58.632,1.02782,1.02767,3.00,2.25
22.04.2013 00:10:59.189,1.02782,1.02767,3.00,2.25
22.04.2013 00:10:59.253,1.02782,1.02767,3.00,2.25
22.04.2013 00:10:59.767,1.02782,1.02767,3.00,2.25
22.04.2013 00:11:00.643,1.02779,1.02767,1.50,2.25
22.04.2013 00:11:00.883,1.02779,1.02767,2.25,2.25
22.04.2013 00:11:01.123,1.02784,1.02768,2.25,3.38
22.04.2013 00:11:01.242,1.02787,1.02772,1.50,1.88
22.04.2013 00:11:01.363,1.02788,1.02773,1.50,1.13
22.04.2013 00:11:01.667,1.02788,1.02776,1.50,2.25
22.04.2013 00:11:01.912,1.02793,1.02777,3.75,1.50
22.04.2013 00:11:02.523,1.02793,1.02777,3.75,1.50
22.04.2013 00:11:02.989,1.02792,1.02778,1.13,1.50
22.04.2013 00:11:03.507,1.02792,1.02778,1.13,1.50
22.04.2013 00:11:04.387,1.02792,1.02778,1.13,1.50
22.04.2013 00:11:04.955,1.02792,1.02778,1.13,1.50
22.04.2013 00:11:05.722,1.02793,1.02778,3.00,1.50
22.04.2013 00:11:05.962,1.02793,1.02778,3.00,1.50
22.04.2013 00:11:07.433,1.02793,1.02778,3.00,1.50
22.04.2013 00:11:07.972,1.02793,1.02778,3.00,2.25
22.04.2013 00:11:08.273,1.02796,1.02781,1.50,3.00
22.04.2013 00:11:08.514,1.02798,1.02782,1.88,3.00
22.04.2013 00:11:08.753,1.02801,1.02786,1.13,3.15
22.04.2013 00:11:09.293,1.02801,1.02787,1.13,1.50
22.04.2013 00:11:09.413,1.02802,1.02786,2.63,3.90
22.04.2013 00:11:09.593,1.02801,1.02787,1.13,2.25
22.04.2013 00:11:09.654,1.02802,1.02787,1.13,1.50
22.04.2013 00:11:09.714,1.02803,1.02787,3.75,1.50
22.04.2013 00:11:10.253,1.02803,1.02787,3.00,3.00
22.04.2013 00:11:10.312,1.02803,1.02788,3.00,2.25
22.04.2013 00:11:10.854,1.02803,1.02788,2.25,2.63
22.04.2013 00:11:11.394,1.02803,1.02788,2.25,3.38
22.04.2013 00:11:11.812,1.02803,1.02788,2.25,3.38
22.04.2013 00:11:11.932,1.02803,1.02789,2.25,1.50
22.04.2013 00:11:12.112,1.02803,1.02788,2.25,3.38
22.04.2013 00:11:12.495,1.02803,1.02788,2.25,1.13
22.04.2013 00:11:12.613,1.02803,1.02788,2.25,1.13
22.04.2013 00:11:12.682,1.02803,1.02788,2.25,1.13
22.04.2013 00:11:13.202,1.02803,1.02788,2.25,1.88
22.04.2013 00:11:14.133,1.02804,1.02793,1.50,1.50
22.04.2013 00:11:14.553,1.02807,1.02791,1.50,2.78
22.04.2013 00:11:14.613,1.02807,1.02792,1.50,1.50
22.04.2013 00:11:15.332,1.02812,1.02797,1.88,1.50
22.04.2013 00:11:16.112,1.02809,1.02797,1.88,1.50
22.04.2013 00:11:16.373,1.02809,1.02797,1.88,2.25
22.04.2013 00:11:16.433,1.02809,1.02794,3.38,1.65
22.04.2013 00:11:16.492,1.02809,1.02791,3.38,3.53
22.04.2013 00:11:16.612,1.02809,1.02796,1.50,3.00
22.04.2013 00:11:17.288,1.02808,1.02796,1.50,3.90
22.04.2013 00:11:18.213,1.02810,1.02797,1.13,1.50
22.04.2013 00:11:18.752,1.02811,1.02796,1.50,3.15
22.04.2013 00:11:19.233,1.02812,1.02797,1.88,1.50
22.04.2013 00:11:19.414,1.02814,1.02802,1.88,1.50
22.04.2013 00:11:19.653,1.02816,1.02802,1.13,1.50
22.04.2013 00:11:19.984,1.02816,1.02802,1.13,1.50
22.04.2013 00:11:20.342,1.02818,1.02803,2.25,1.88
22.04.2013 00:11:20.846,1.02818,1.02805,1.50,1.50
22.04.2013 00:11:21.386,1.02818,1.02805,1.50,1.50
22.04.2013 00:11:21.934,1.02818,1.02804,2.25,1.50
22.04.2013 00:11:22.233,1.02817,1.02806,1.50,2.25
22.04.2013 00:11:22.714,1.02818,1.02804,1.50,1.50
22.04.2013 00:11:22.834,1.02817,1.02804,1.50,1.50
22.04.2013 00:11:23.134,1.02819,1.02802,2.63,1.50
22.04.2013 00:11:23.435,1.02807,1.02794,2.25,4.28
22.04.2013 00:11:23.554,1.02808,1.02796,1.50,1.50
22.04.2013 00:11:23.613,1.02810,1.02796,1.50,1.50
22.04.2013 00:11:24.093,1.02810,1.02794,2.25,1.88
22.04.2013 00:11:24.452,1.02812,1.02796,1.88,2.25
22.04.2013 00:11:24.817,1.02812,1.02796,1.88,3.75
22.04.2013 00:11:24.884,1.02812,1.02796,1.88,3.75
22.04.2013 00:11:25.143,1.02812,1.02796,1.88,3.00
22.04.2013 00:11:25.382,1.02813,1.02796,1.88,5.40
22.04.2013 00:11:25.574,1.02817,1.02802,1.13,1.50
22.04.2013 00:11:25.637,1.02817,1.02807,1.13,1.50
22.04.2013 00:11:25.823,1.02821,1.02807,1.88,1.50
22.04.2013 00:11:26.004,1.02821,1.02807,1.13,1.50
22.04.2013 00:11:26.363,1.02814,1.02798,2.25,1.88
22.04.2013 00:11:26.484,1.02814,1.02798,2.25,1.50
22.04.2013 00:11:26.603,1.02814,1.02797,1.50,4.13
22.04.2013 00:11:27.143,1.02813,1.02801,1.50,1.50
22.04.2013 00:11:27.682,1.02815,1.02801,1.50,2.25
22.04.2013 00:11:28.216,1.02815,1.02801,1.50,2.25
22.04.2013 00:11:28.993,1.02815,1.02801,1.50,2.25
22.04.2013 00:11:29.503,1.02813,1.02798,3.00,2.25
22.04.2013 00:11:29.564,1.02813,1.02798,3.00,1.50
22.04.2013 00:11:29.882,1.02811,1.02799,1.50,2.25
22.04.2013 00:11:29.942,1.02808,1.02799,1.50,2.25
22.04.2013 00:11:30.303,1.02808,1.02797,1.50,1.50
22.04.2013 00:11:30.363,1.02811,1.02797,1.65,2.25
22.04.2013 00:11:30.422,1.02813,1.02797,4.28,2.25
22.04.2013 00:11:30.602,1.02813,1.02798,2.63,3.00
22.04.2013 00:11:31.232,1.02813,1.02799,4.13,1.50
22.04.2013 00:11:31.354,1.02812,1.02798,2.25,1.50
22.04.2013 00:11:31.833,1.02812,1.02797,3.00,2.25
22.04.2013 00:11:31.953,1.02812,1.02798,2.25,1.50
22.04.2013 00:11:32.014,1.02813,1.02798,3.38,1.50
22.04.2013 00:11:32.572,1.02812,1.02797,1.50,3.00
22.04.2013 00:11:33.193,1.02812,1.02797,1.50,3.00
22.04.2013 00:11:33.734,1.02811,1.02797,3.75,1.50
22.04.2013 00:11:33.794,1.02809,1.02797,1.50,1.50
22.04.2013 00:11:34.215,1.02809,1.02794,3.00,2.63
22.04.2013 00:11:34.395,1.02807,1.02796,1.50,2.25
22.04.2013 00:11:34.943,1.02807,1.02797,2.25,1.50
22.04.2013 00:11:35.483,1.02809,1.02797,1.50,1.50
22.04.2013 00:11:35.543,1.02810,1.02797,1.13,2.25
22.04.2013 00:11:36.083,1.02812,1.02798,1.50,1.50
22.04.2013 00:11:36.323,1.02813,1.02799,3.00,1.20
22.04.2013 00:11:36.863,1.02812,1.02797,1.50,2.25
22.04.2013 00:11:37.223,1.02804,1.02791,1.65,1.50
22.04.2013 00:11:37.283,1.02804,1.02789,1.65,1.50
22.04.2013 00:11:37.463,1.02804,1.02790,1.65,1.50
22.04.2013 00:11:37.823,1.02809,1.02794,4.28,2.25
22.04.2013 00:11:38.303,1.02812,1.02798,1.50,3.00
22.04.2013 00:11:38.842,1.02813,1.02798,1.50,1.50
22.04.2013 00:11:39.398,1.02813,1.02798,1.50,1.50
22.04.2013 00:11:39.703,1.02809,1.02795,2.25,4.13
22.04.2013 00:11:40.088,1.02809,1.02796,2.25,1.50
22.04.2013 00:11:40.964,1.02809,1.02795,2.25,2.25
22.04.2013 00:11:41.084,1.02809,1.02796,2.25,1.50
22.04.2013 00:11:41.323,1.02809,1.02795,1.50,1.50
22.04.2013 00:11:41.503,1.02809,1.02792,1.50,1.13
22.04.2013 00:11:41.563,1.02809,1.02791,2.25,1.88
22.04.2013 00:11:42.103,1.02809,1.02792,3.00,1.13
22.04.2013 00:11:42.642,1.02808,1.02791,1.50,1.50
22.04.2013 00:11:42.959,1.02808,1.02791,1.50,1.50
22.04.2013 00:11:43.503,1.02808,1.02791,1.50,1.50
22.04.2013 00:11:44.034,1.02808,1.02792,1.50,1.05
22.04.2013 00:11:45.274,1.02808,1.02792,1.50,1.05
22.04.2013 00:11:45.843,1.02808,1.02791,1.50,1.80
22.04.2013 00:11:46.023,1.02808,1.02792,1.50,1.05
22.04.2013 00:11:46.564,1.02809,1.02793,3.00,1.50
22.04.2013 00:11:48.095,1.02804,1.02793,1.50,1.80
22.04.2013 00:11:48.214,1.02804,1.02792,2.25,1.80
22.04.2013 00:11:48.847,1.02804,1.02793,3.00,1.50
22.04.2013 00:11:49.944,1.02803,1.02793,1.50,1.50
22.04.2013 00:11:51.663,1.02803,1.02793,2.25,1.50
22.04.2013 00:11:52.323,1.02803,1.02793,2.25,1.50
22.04.2013 00:11:52.503,1.02803,1.02793,3.00,1.50
22.04.2013 00:11:53.146,1.02803,1.02793,3.00,1.50
22.04.2013 00:11:55.363,1.02803,1.02793,2.25,1.50
22.04.2013 00:11:57.918,1.02805,1.02792,2.63,1.50
22.04.2013 00:11:57.990,1.02806,1.02793,1.88,1.50
22.04.2013 00:12:00.373,1.02807,1.02793,1.88,1.50
22.04.2013 00:12:00.433,1.02807,1.02793,1.13,1.50
22.04.2013 00:12:01.222,1.02807,1.02794,1.88,1.50
22.04.2013 00:12:02.184,1.02807,1.02794,1.88,1.50
22.04.2013 00:12:02.844,1.02807,1.02793,1.50,1.50
22.04.2013 00:12:03.383,1.02807,1.02793,2.40,1.50
22.04.2013 00:12:03.744,1.02807,1.02793,2.40,1.50
22.04.2013 00:12:04.433,1.02806,1.02792,1.50,2.25
22.04.2013 00:12:05.012,1.02806,1.02792,1.50,2.25
22.04.2013 00:12:07.892,1.02807,1.02794,1.65,1.50
22.04.2013 00:12:08.073,1.02809,1.02792,2.78,1.50
22.04.2013 00:12:08.133,1.02809,1.02793,2.78,1.50
22.04.2013 00:12:08.684,1.02809,1.02793,3.53,1.50
22.04.2013 00:12:09.183,1.02807,1.02793,1.50,1.50
22.04.2013 00:12:09.525,1.02807,1.02793,1.50,1.50
22.04.2013 00:12:10.074,1.02806,1.02792,2.25,1.50
22.04.2013 00:12:10.453,1.02806,1.02791,1.50,3.00
22.04.2013 00:12:10.513,1.02806,1.02791,1.50,3.00
22.04.2013 00:12:10.813,1.02809,1.02793,1.88,1.50
22.04.2013 00:12:11.174,1.02808,1.02793,1.50,2.25
22.04.2013 00:12:11.294,1.02808,1.02792,1.50,3.00
22.04.2013 00:12:11.474,1.02804,1.02794,1.50,1.50
22.04.2013 00:12:11.595,1.02807,1.02792,2.74,1.50
22.04.2013 00:12:11.654,1.02805,1.02792,1.50,1.50
22.04.2013 00:12:12.663,1.02806,1.02791,1.50,3.38
22.04.2013 00:12:13.204,1.02804,1.02792,1.50,1.50
22.04.2013 00:12:13.915,1.02805,1.02792,1.50,1.50
22.04.2013 00:12:14.272,1.02806,1.02792,1.50,1.50
22.04.2013 00:12:14.832,1.02806,1.02792,1.50,1.50
22.04.2013 00:12:16.833,1.02806,1.02792,1.50,1.50
22.04.2013 00:12:18.103,1.02806,1.02792,1.13,1.50
22.04.2013 00:12:18.747,1.02806,1.02792,1.88,1.50
22.04.2013 00:12:21.264,1.02806,1.02792,1.50,1.50
22.04.2013 00:12:21.468,1.02806,1.02792,1.88,1.50
22.04.2013 00:12:34.123,1.02804,1.02790,2.63,1.50
22.04.2013 00:12:34.184,1.02803,1.02787,1.50,6.00
22.04.2013 00:12:34.543,1.02801,1.02787,2.25,1.50
22.04.2013 00:12:35.084,1.02801,1.02787,3.00,1.50
22.04.2013 00:12:36.152,1.02799,1.02788,1.50,1.50
22.04.2013 00:12:37.622,1.02798,1.02788,1.50,1.50
22.04.2013 00:12:38.133,1.02798,1.02788,1.50,1.50
22.04.2013 00:12:40.972,1.02798,1.02788,1.50,1.50
22.04.2013 00:12:41.523,1.02799,1.02788,1.50,1.50
22.04.2013 00:12:41.814,1.02800,1.02788,1.50,1.50
22.04.2013 00:12:42.354,1.02801,1.02787,2.25,3.00
22.04.2013 00:12:42.592,1.02802,1.02788,1.13,1.50
22.04.2013 00:12:42.653,1.02802,1.02788,1.13,1.65
22.04.2013 00:12:43.013,1.02806,1.02791,1.13,1.65
22.04.2013 00:12:45.081,1.02807,1.02791,1.13,3.15
22.04.2013 00:12:45.670,1.02807,1.02791,1.88,3.15
22.04.2013 00:12:48.183,1.02807,1.02791,1.88,3.15
22.04.2013 00:12:49.584,1.02809,1.02791,4.88,2.78
22.04.2013 00:12:49.643,1.02809,1.02793,4.88,1.50
22.04.2013 00:12:49.882,1.02809,1.02792,4.88,1.50
22.04.2013 00:12:50.484,1.02808,1.02792,1.50,2.25
22.04.2013 00:12:50.993,1.02807,1.02791,1.50,5.03
22.04.2013 00:12:51.205,1.02807,1.02792,1.50,1.50
22.04.2013 00:12:53.633,1.02807,1.02791,1.50,4.28
22.04.2013 00:12:53.694,1.02807,1.02792,1.50,1.50
22.04.2013 00:12:54.234,1.02807,1.02792,1.50,1.50
22.04.2013 00:12:54.293,1.02807,1.02792,1.50,1.50
22.04.2013 00:12:57.883,1.02807,1.02792,1.50,1.50
22.04.2013 00:12:59.103,1.02807,1.02791,1.50,3.75
22.04.2013 00:12:59.714,1.02807,1.02791,1.50,4.50
22.04.2013 00:13:02.024,1.02806,1.02792,1.13,1.50
22.04.2013 00:13:03.033,1.02806,1.02791,1.13,4.50
22.04.2013 00:13:03.233,1.02806,1.02792,1.13,1.50
22.04.2013 00:13:08.434,1.02806,1.02796,1.13,1.50
22.04.2013 00:13:08.983,1.02808,1.02796,1.13,1.65
22.04.2013 00:13:09.624,1.02808,1.02795,1.13,3.90
22.04.2013 00:13:09.803,1.02808,1.02792,2.63,2.25
22.04.2013 00:13:09.863,1.02808,1.02791,3.38,2.25
22.04.2013 00:13:09.923,1.02808,1.02792,3.38,1.50
22.04.2013 00:13:11.793,1.02808,1.02791,3.38,3.00
22.04.2013 00:13:11.924,1.02808,1.02793,2.63,2.25
22.04.2013 00:13:12.843,1.02808,1.02796,1.13,1.50
22.04.2013 00:13:14.169,1.02808,1.02793,1.13,1.50
22.04.2013 00:13:14.694,1.02808,1.02793,1.13,1.50
22.04.2013 00:13:14.993,1.02808,1.02791,1.88,1.50
22.04.2013 00:13:15.755,1.02808,1.02792,1.88,1.50
22.04.2013 00:13:16.994,1.02808,1.02792,1.88,1.50
22.04.2013 00:13:18.452,1.02808,1.02791,1.88,1.50
22.04.2013 00:13:18.573,1.02808,1.02792,1.88,1.50
22.04.2013 00:13:19.903,1.02808,1.02791,1.88,2.25
22.04.2013 00:13:20.216,1.02808,1.02792,1.88,1.50
22.04.2013 00:13:20.443,1.02808,1.02792,1.88,1.50
22.04.2013 00:13:20.983,1.02808,1.02792,1.88,1.50
22.04.2013 00:13:21.042,1.02808,1.02792,1.13,1.50
22.04.2013 00:13:21.462,1.02809,1.02793,1.88,1.50
22.04.2013 00:13:22.005,1.02809,1.02793,2.63,1.50
22.04.2013 00:13:22.693,1.02810,1.02797,1.13,1.50
22.04.2013 00:13:22.994,1.02812,1.02797,1.50,3.00
22.04.2013 00:13:23.514,1.02812,1.02797,1.50,3.00
22.04.2013 00:13:24.864,1.02812,1.02797,1.65,2.25
22.04.2013 00:13:25.163,1.02805,1.02790,1.65,2.25
22.04.2013 00:13:26.435,1.02804,1.02789,3.75,1.13
22.04.2013 00:13:26.958,1.02804,1.02790,1.50,4.50
22.04.2013 00:13:27.144,1.02807,1.02797,1.13,1.50
22.04.2013 00:13:27.384,1.02808,1.02796,1.50,1.65
22.04.2013 00:13:27.503,1.02808,1.02795,1.50,1.50
22.04.2013 00:13:27.684,1.02808,1.02795,1.50,2.40
22.04.2013 00:13:27.743,1.02811,1.02796,1.88,1.50
22.04.2013 00:13:27.985,1.02810,1.02796,1.50,1.50
22.04.2013 00:13:28.706,1.02809,1.02794,2.25,2.25
22.04.2013 00:13:28.776,1.02807,1.02791,1.50,2.63
22.04.2013 00:13:28.843,1.02807,1.02791,1.50,1.88
22.04.2013 00:13:29.023,1.02807,1.02791,1.50,2.63
22.04.2013 00:13:31.543,1.02807,1.02791,1.50,2.25
22.04.2013 00:13:31.664,1.02807,1.02791,1.50,3.75
22.04.2013 00:13:32.205,1.02807,1.02792,1.50,1.50
22.04.2013 00:13:33.063,1.02807,1.02792,1.50,1.50
22.04.2013 00:13:33.583,1.02807,1.02791,1.50,3.75
22.04.2013 00:13:34.003,1.02804,1.02788,2.40,1.13
22.04.2013 00:13:34.128,1.02803,1.02787,2.03,2.25
22.04.2013 00:13:34.314,1.02799,1.02786,3.00,1.50
22.04.2013 00:13:34.614,1.02798,1.02781,1.50,3.00
22.04.2013 00:13:35.614,1.02796,1.02781,1.50,3.75
22.04.2013 00:13:36.907,1.02798,1.02782,2.25,1.50
22.04.2013 00:13:40.843,1.02797,1.02781,2.63,3.75
22.04.2013 00:13:41.443,1.02793,1.02778,1.50,2.25
22.04.2013 00:13:41.863,1.02791,1.02776,1.50,3.00
22.04.2013 00:13:41.984,1.02790,1.02775,1.50,3.00
22.04.2013 00:13:42.462,1.02789,1.02771,4.13,3.15
22.04.2013 00:13:43.004,1.02788,1.02772,1.13,1.50
22.04.2013 00:13:43.362,1.02787,1.02771,1.50,2.40
22.04.2013 00:13:43.573,1.02787,1.02771,2.25,1.65
22.04.2013 00:13:43.893,1.02787,1.02773,1.50,1.50
22.04.2013 00:13:43.953,1.02788,1.02773,1.50,1.50
22.04.2013 00:13:44.074,1.02789,1.02775,2.25,2.25
22.04.2013 00:13:44.193,1.02793,1.02777,3.00,3.00
22.04.2013 00:13:44.433,1.02796,1.02783,2.25,1.65
22.04.2013 00:13:44.494,1.02796,1.02785,1.50,1.65
22.04.2013 00:13:44.613,1.02797,1.02784,1.13,1.65
22.04.2013 00:13:44.793,1.02798,1.02780,1.88,2.40
22.04.2013 00:13:44.912,1.02798,1.02780,1.88,3.15
22.04.2013 00:13:45.275,1.02800,1.02787,1.13,1.50
22.04.2013 00:13:47.314,1.02801,1.02787,2.63,2.25
22.04.2013 00:13:48.132,1.02800,1.02787,1.65,1.50
22.04.2013 00:13:48.253,1.02798,1.02784,1.50,1.50
22.04.2013 00:13:48.444,1.02798,1.02782,2.25,1.50
22.04.2013 00:13:48.862,1.02798,1.02783,1.50,1.50
22.04.2013 00:13:49.363,1.02798,1.02783,1.50,1.50
22.04.2013 00:13:50.493,1.02798,1.02783,2.25,1.50
22.04.2013 00:13:51.259,1.02798,1.02783,2.25,1.50
22.04.2013 00:13:51.813,1.02798,1.02782,2.25,2.25
22.04.2013 00:13:51.873,1.02793,1.02782,1.50,2.25
22.04.2013 00:13:52.123,1.02793,1.02777,2.25,1.88
22.04.2013 00:13:52.274,1.02793,1.02777,2.25,1.13
22.04.2013 00:13:53.413,1.02793,1.02777,1.50,3.00
22.04.2013 00:13:53.773,1.02794,1.02778,2.25,1.50
22.04.2013 00:13:56.655,1.02796,1.02785,2.40,1.50
22.04.2013 00:13:56.714,1.02796,1.02785,3.00,1.65
22.04.2013 00:13:56.775,1.02796,1.02785,1.50,1.65
22.04.2013 00:13:56.954,1.02799,1.02781,1.88,1.65
22.04.2013 00:13:57.133,1.02799,1.02781,1.88,1.65
22.04.2013 00:13:57.672,1.02799,1.02785,1.88,1.65
22.04.2013 00:13:58.380,1.02799,1.02787,1.88,1.50
22.04.2013 00:13:58.703,1.02799,1.02785,3.38,1.50
22.04.2013 00:13:59.363,1.02796,1.02781,1.50,1.65
22.04.2013 00:13:59.483,1.02794,1.02780,1.65,1.88
22.04.2013 00:13:59.664,1.02794,1.02778,2.40,2.25
22.04.2013 00:14:00.152,1.02794,1.02778,3.15,2.25
22.04.2013 00:14:00.703,1.02793,1.02778,1.50,2.25
22.04.2013 00:14:01.126,1.02797,1.02781,1.88,2.25
22.04.2013 00:14:01.194,1.02798,1.02787,1.88,1.50
22.04.2013 00:14:01.313,1.02799,1.02787,1.50,1.50
22.04.2013 00:14:01.613,1.02801,1.02787,1.13,1.50
22.04.2013 00:14:01.673,1.02801,1.02791,1.13,3.00
22.04.2013 00:14:01.853,1.02804,1.02791,1.13,3.00
22.04.2013 00:14:03.234,1.02804,1.02791,1.13,3.75
22.04.2013 00:14:03.413,1.02807,1.02791,1.88,3.75
22.04.2013 00:14:03.593,1.02806,1.02791,1.50,3.00
22.04.2013 00:14:03.913,1.02804,1.02791,1.50,3.75
22.04.2013 00:14:04.244,1.02803,1.02788,2.25,3.75
22.04.2013 00:14:04.782,1.02802,1.02788,1.50,1.50
22.04.2013 00:14:05.474,1.02802,1.02788,1.50,1.50
22.04.2013 00:14:05.993,1.02802,1.02787,1.50,2.25
22.04.2013 00:14:06.293,1.02802,1.02787,1.50,2.25
22.04.2013 00:14:08.103,1.02802,1.02787,1.50,2.25
22.04.2013 00:14:08.463,1.02802,1.02787,1.50,2.25
22.04.2013 00:14:09.163,1.02802,1.02787,1.50,2.25
22.04.2013 00:14:09.722,1.02800,1.02787,2.25,1.50
22.04.2013 00:14:10.223,1.02799,1.02787,1.50,1.50
22.04.2013 00:14:11.113,1.02799,1.02787,1.50,1.50
22.04.2013 00:14:11.483,1.02798,1.02784,1.50,1.50
22.04.2013 00:14:11.543,1.02798,1.02783,1.50,1.13
22.04.2013 00:14:12.083,1.02796,1.02781,1.50,2.25
22.04.2013 00:14:12.623,1.02798,1.02781,3.38,3.00
22.04.2013 00:14:13.183,1.02798,1.02782,3.38,1.50
22.04.2013 00:14:14.623,1.02798,1.02782,3.38,1.50
22.04.2013 00:14:15.233,1.02798,1.02782,2.63,1.50
22.04.2013 00:14:18.403,1.02795,1.02781,1.13,2.25
22.04.2013 00:14:18.645,1.02795,1.02782,2.25,1.50
22.04.2013 00:14:18.822,1.02795,1.02781,2.25,2.25
22.04.2013 00:14:19.063,1.02795,1.02782,2.25,1.50
22.04.2013 00:14:22.733,1.02793,1.02779,1.50,1.50
22.04.2013 00:14:22.853,1.02793,1.02777,3.00,2.25
22.04.2013 00:14:22.914,1.02791,1.02777,1.13,2.25
22.04.2013 00:14:23.284,1.02791,1.02777,2.25,1.50
22.04.2013 00:14:24.003,1.02788,1.02775,2.25,1.50
22.04.2013 00:14:24.577,1.02788,1.02773,3.00,1.50
22.04.2013 00:14:25.014,1.02788,1.02776,3.00,1.50
22.04.2013 00:14:25.646,1.02791,1.02777,1.65,1.50
22.04.2013 00:14:25.763,1.02791,1.02777,2.25,1.50
22.04.2013 00:14:25.823,1.02791,1.02777,2.25,1.50
22.04.2013 00:14:26.325,1.02790,1.02777,1.50,2.25
22.04.2013 00:14:26.653,1.02788,1.02777,1.50,1.50
22.04.2013 00:14:30.874,1.02789,1.02774,2.25,2.25
22.04.2013 00:14:30.993,1.02789,1.02774,2.25,1.50
22.04.2013 00:14:31.053,1.02789,1.02773,2.25,1.50
22.04.2013 00:14:31.354,1.02788,1.02776,1.50,1.65
22.04.2013 00:14:31.663,1.02788,1.02773,1.50,2.25
22.04.2013 00:14:31.843,1.02786,1.02771,1.13,3.75
22.04.2013 00:14:31.903,1.02786,1.02772,1.13,1.65
22.04.2013 00:14:32.683,1.02786,1.02773,1.50,3.75
22.04.2013 00:14:32.863,1.02786,1.02775,1.50,1.65
22.04.2013 00:14:33.244,1.02787,1.02777,1.13,1.50
22.04.2013 00:14:33.423,1.02787,1.02777,1.13,1.50
22.04.2013 00:14:33.948,1.02787,1.02777,1.13,1.50
22.04.2013 00:14:34.463,1.02787,1.02777,1.13,1.50
22.04.2013 00:14:36.623,1.02789,1.02777,1.13,1.50
22.04.2013 00:14:37.054,1.02788,1.02777,1.50,1.50
22.04.2013 00:14:38.163,1.02788,1.02773,1.13,1.65
22.04.2013 00:14:38.643,1.02788,1.02772,1.88,1.50
22.04.2013 00:14:39.153,1.02787,1.02771,1.50,1.65
22.04.2013 00:14:39.454,1.02787,1.02771,1.50,1.65
22.04.2013 00:14:39.515,1.02787,1.02771,1.50,1.65
22.04.2013 00:14:40.071,1.02787,1.02771,1.50,1.65
22.04.2013 00:14:40.133,1.02787,1.02771,1.50,1.65
22.04.2013 00:14:40.573,1.02787,1.02772,1.50,1.50
22.04.2013 00:14:41.313,1.02788,1.02772,3.00,1.50
22.04.2013 00:14:41.372,1.02787,1.02772,1.50,1.50
22.04.2013 00:14:42.633,1.02783,1.02770,1.50,1.50
22.04.2013 00:14:42.753,1.02783,1.02769,1.50,2.25
22.04.2013 00:14:42.813,1.02783,1.02769,1.50,1.50
22.04.2013 00:14:43.053,1.02783,1.02769,1.50,1.50
22.04.2013 00:14:44.033,1.02783,1.02769,2.25,1.50
22.04.2013 00:14:44.624,1.02785,1.02772,2.40,1.50
22.04.2013 00:14:44.804,1.02786,1.02773,1.50,1.65
22.04.2013 00:14:44.923,1.02789,1.02777,3.38,1.50
22.04.2013 00:14:45.163,1.02792,1.02777,3.00,1.50
22.04.2013 00:14:45.223,1.02793,1.02777,2.25,1.50
22.04.2013 00:14:46.283,1.02793,1.02777,2.25,2.25
22.04.2013 00:14:46.612,1.02792,1.02777,1.50,2.25
22.04.2013 00:14:47.304,1.02793,1.02777,1.88,2.25
22.04.2013 00:14:50.693,1.02793,1.02777,1.50,3.00
22.04.2013 00:14:51.613,1.02793,1.02777,2.25,3.00
22.04.2013 00:14:52.152,1.02790,1.02777,1.50,1.50
22.04.2013 00:14:52.683,1.02790,1.02777,1.50,1.50
22.04.2013 00:14:53.843,1.02792,1.02777,1.50,2.25
22.04.2013 00:14:54.362,1.02792,1.02777,1.50,2.25
22.04.2013 00:14:54.483,1.02789,1.02774,1.50,4.88
22.04.2013 00:14:54.604,1.02790,1.02776,3.90,2.25
22.04.2013 00:14:54.962,1.02788,1.02777,1.50,1.50
22.04.2013 00:14:55.473,1.02788,1.02777,1.50,1.50
22.04.2013 00:14:56.017,1.02788,1.02777,1.50,1.50
22.04.2013 00:14:58.333,1.02790,1.02777,1.88,1.50
22.04.2013 00:14:58.452,1.02789,1.02777,1.13,1.50
22.04.2013 00:15:00.124,1.02789,1.02776,3.00,1.50
22.04.2013 00:15:00.183,1.02789,1.02774,3.75,1.50
22.04.2013 00:15:00.303,1.02787,1.02771,1.13,1.50
22.04.2013 00:15:00.843,1.02784,1.02771,1.50,1.50
22.04.2013 00:15:01.373,1.02784,1.02771,1.50,1.50
22.04.2013 00:15:02.453,1.02783,1.02767,2.25,3.38
22.04.2013 00:15:02.515,1.02783,1.02767,2.25,2.25
22.04.2013 00:15:03.056,1.02782,1.02767,1.50,2.25
22.04.2013 00:15:03.293,1.02782,1.02767,1.50,2.25
22.04.2013 00:15:04.043,1.02782,1.02767,1.50,3.00
22.04.2013 00:15:04.404,1.02780,1.02770,2.25,3.00
22.04.2013 00:15:04.467,1.02780,1.02768,2.25,3.00
22.04.2013 00:15:04.536,1.02780,1.02768,2.25,3.00
22.04.2013 00:15:05.093,1.02780,1.02767,1.50,1.50
22.04.2013 00:15:06.553,1.02779,1.02765,2.25,1.50
22.04.2013 00:15:06.673,1.02779,1.02764,3.15,1.50
22.04.2013 00:15:06.793,1.02776,1.02760,1.50,4.65
22.04.2013 00:15:06.853,1.02776,1.02761,1.50,1.50
22.04.2013 00:15:07.213,1.02782,1.02766,3.38,3.00
22.04.2013 00:15:07.333,1.02781,1.02767,1.13,1.50
22.04.2013 00:15:08.413,1.02781,1.02767,1.88,1.50
22.04.2013 00:15:08.800,1.02781,1.02768,1.88,1.50
22.04.2013 00:15:09.623,1.02781,1.02767,1.88,2.25
22.04.2013 00:15:10.227,1.02783,1.02768,3.00,1.50
22.04.2013 00:15:11.634,1.02783,1.02768,3.00,1.50
22.04.2013 00:15:12.156,1.02782,1.02769,1.50,1.50
22.04.2013 00:15:12.216,1.02782,1.02769,2.25,1.50
22.04.2013 00:15:12.344,1.02782,1.02769,2.25,1.50
22.04.2013 00:15:12.464,1.02781,1.02768,1.50,3.75
22.04.2013 00:15:12.762,1.02781,1.02768,1.50,3.75
22.04.2013 00:15:14.253,1.02781,1.02768,2.25,3.00
22.04.2013 00:15:17.413,1.02780,1.02768,1.50,2.25
22.04.2013 00:15:20.764,1.02777,1.02766,1.13,1.50
22.04.2013 00:15:20.943,1.02778,1.02766,1.88,1.50
22.04.2013 00:15:21.423,1.02778,1.02766,1.13,1.50
22.04.2013 00:15:21.724,1.02777,1.02762,1.50,1.50
22.04.2013 00:15:21.784,1.02777,1.02761,2.25,1.50
22.04.2013 00:15:21.844,1.02775,1.02761,1.50,1.50
22.04.2013 00:15:21.963,1.02773,1.02758,3.00,3.00
22.04.2013 00:15:22.143,1.02772,1.02757,1.88,2.25
22.04.2013 00:15:22.987,1.02771,1.02757,1.88,1.50
22.04.2013 00:15:23.943,1.02771,1.02757,1.88,2.25
22.04.2013 00:15:27.753,1.02768,1.02757,2.25,2.25
22.04.2013 00:15:27.933,1.02766,1.02753,1.28,3.00
22.04.2013 00:15:27.993,1.02766,1.02752,1.28,1.50
22.04.2013 00:15:28.054,1.02760,1.02749,1.50,1.50
22.04.2013 00:15:28.353,1.02759,1.02746,2.40,1.50
22.04.2013 00:15:28.413,1.02756,1.02745,1.65,2.25
22.04.2013 00:15:28.474,1.02756,1.02741,1.50,2.33
22.04.2013 00:15:28.594,1.02753,1.02740,2.25,3.08
22.04.2013 00:15:28.834,1.02753,1.02739,1.50,3.08
22.04.2013 00:15:28.952,1.02753,1.02740,1.50,2.33
22.04.2013 00:15:29.013,1.02753,1.02739,1.50,2.25
22.04.2013 00:15:29.553,1.02753,1.02740,1.50,2.33
22.04.2013 00:15:30.061,1.02753,1.02740,1.50,1.58
22.04.2013 00:15:30.614,1.02754,1.02741,1.50,1.50
22.04.2013 00:15:30.674,1.02754,1.02742,2.25,1.50
22.04.2013 00:15:31.034,1.02757,1.02747,1.50,1.50
22.04.2013 00:15:31.213,1.02759,1.02747,3.00,1.50
22.04.2013 00:15:31.573,1.02759,1.02746,3.75,3.00
22.04.2013 00:15:32.713,1.02759,1.02746,2.25,2.25
22.04.2013 00:15:33.783,1.02759,1.02746,2.25,2.25
22.04.2013 00:15:33.963,1.02761,1.02747,2.25,3.75
22.04.2013 00:15:34.483,1.02760,1.02747,1.13,2.25
22.04.2013 00:15:35.043,1.02760,1.02747,1.13,1.50
22.04.2013 00:15:35.223,1.02760,1.02747,1.13,1.50
22.04.2013 00:15:35.288,1.02760,1.02747,1.13,1.50
22.04.2013 00:15:38.263,1.02762,1.02747,2.25,3.00
22.04.2013 00:15:38.383,1.02762,1.02747,2.25,3.00
22.04.2013 00:15:39.104,1.02763,1.02750,2.25,2.25
22.04.2013 00:15:39.343,1.02763,1.02750,2.25,3.15
22.04.2013 00:15:39.523,1.02763,1.02750,2.25,3.15
22.04.2013 00:15:39.702,1.02763,1.02750,2.25,3.90
22.04.2013 00:15:42.841,1.02763,1.02750,1.50,3.90
22.04.2013 00:15:43.023,1.02763,1.02751,2.25,1.65
22.04.2013 00:15:47.145,1.02763,1.02749,3.75,1.50
22.04.2013 00:15:50.194,1.02763,1.02754,1.50,2.40
22.04.2013 00:15:50.446,1.02767,1.02754,1.50,1.50
22.04.2013 00:15:50.584,1.02767,1.02751,1.50,3.53
22.04.2013 00:15:50.643,1.02767,1.02755,1.50,1.50
22.04.2013 00:15:50.703,1.02767,1.02755,2.25,1.65
22.04.2013 00:15:50.823,1.02767,1.02756,1.50,1.65
22.04.2013 00:15:51.363,1.02768,1.02756,1.50,2.40
22.04.2013 00:15:51.544,1.02768,1.02756,1.50,2.40
22.04.2013 00:15:51.963,1.02767,1.02756,1.50,2.40
22.04.2013 00:15:52.264,1.02767,1.02753,1.50,2.25
22.04.2013 00:15:52.327,1.02766,1.02751,2.25,3.15
22.04.2013 00:15:52.394,1.02766,1.02756,2.25,1.50
22.04.2013 00:15:52.694,1.02767,1.02756,1.50,2.25
22.04.2013 00:15:52.813,1.02766,1.02756,1.50,2.25
22.04.2013 00:15:52.880,1.02767,1.02756,1.50,2.25
22.04.2013 00:15:53.122,1.02768,1.02756,1.50,1.50
22.04.2013 00:15:54.733,1.02768,1.02756,1.50,1.50
22.04.2013 00:15:54.918,1.02768,1.02756,1.50,1.50
22.04.2013 00:15:55.103,1.02768,1.02755,2.25,3.15
22.04.2013 00:15:55.283,1.02765,1.02754,1.50,1.50
22.04.2013 00:15:55.598,1.02764,1.02756,1.50,1.65
22.04.2013 00:15:55.963,1.02764,1.02750,1.50,3.90
22.04.2013 00:15:56.084,1.02764,1.02751,1.50,1.50
22.04.2013 00:15:56.623,1.02768,1.02756,3.00,1.65
22.04.2013 00:15:56.863,1.02768,1.02756,1.50,1.65
22.04.2013 00:15:56.984,1.02768,1.02756,2.25,1.65
22.04.2013 00:15:57.556,1.02768,1.02756,1.50,1.65
22.04.2013 00:15:58.305,1.02768,1.02756,1.50,1.65
22.04.2013 00:16:02.173,1.02768,1.02756,1.50,1.65
22.04.2013 00:16:02.233,1.02768,1.02756,1.50,1.65
22.04.2013 00:16:02.794,1.02768,1.02757,1.50,1.50
22.04.2013 00:16:04.083,1.02768,1.02757,1.50,1.50
22.04.2013 00:16:04.202,1.02768,1.02753,1.50,2.25
22.04.2013 00:16:04.263,1.02768,1.02753,2.25,1.50
22.04.2013 00:16:04.323,1.02767,1.02751,1.50,1.65
22.04.2013 00:16:04.838,1.02764,1.02751,1.50,1.65
22.04.2013 00:16:05.223,1.02764,1.02751,1.50,2.40
22.04.2013 00:16:08.373,1.02763,1.02751,1.50,1.65
22.04.2013 00:16:18.223,1.02763,1.02751,1.13,2.40
22.04.2013 00:16:20.693,1.02764,1.02751,2.25,2.40
22.04.2013 00:16:24.313,1.02765,1.02751,2.63,3.15
22.04.2013 00:16:25.123,1.02764,1.02751,1.50,3.15
22.04.2013 00:16:25.424,1.02764,1.02751,1.50,3.90
22.04.2013 00:16:36.001,1.02763,1.02751,1.50,3.90
22.04.2013 00:16:36.974,1.02763,1.02751,1.50,3.15
22.04.2013 00:16:37.514,1.02763,1.02751,1.50,3.15
22.04.2013 00:16:44.263,1.02764,1.02751,1.88,3.90
22.04.2013 00:16:47.365,1.02763,1.02751,1.50,3.90
22.04.2013 00:16:49.303,1.02765,1.02751,2.25,3.15
22.04.2013 00:16:49.483,1.02765,1.02751,2.25,3.15
22.04.2013 00:16:49.604,1.02763,1.02750,1.50,1.65
22.04.2013 00:16:49.724,1.02763,1.02749,3.15,1.50
22.04.2013 00:16:49.784,1.02761,1.02746,1.50,3.90
22.04.2013 00:16:50.323,1.02760,1.02746,1.50,3.90
22.04.2013 00:16:50.644,1.02760,1.02747,1.65,1.50
22.04.2013 00:16:50.824,1.02759,1.02742,5.40,1.65
22.04.2013 00:16:51.004,1.02755,1.02741,1.13,5.40
22.04.2013 00:16:51.314,1.02758,1.02743,1.65,1.65
22.04.2013 00:16:51.733,1.02757,1.02743,1.65,1.65
22.04.2013 00:16:52.154,1.02761,1.02747,1.50,1.65
22.04.2013 00:16:52.334,1.02765,1.02756,2.25,1.65
22.04.2013 00:16:52.453,1.02767,1.02754,1.65,1.50
22.04.2013 00:16:52.513,1.02769,1.02751,6.90,2.40
22.04.2013 00:16:52.634,1.02768,1.02753,3.00,2.40
22.04.2013 00:16:52.814,1.02769,1.02755,2.25,2.40
22.04.2013 00:16:55.957,1.02770,1.02756,1.50,2.40
22.04.2013 00:16:56.593,1.02772,1.02756,2.25,5.40
22.04.2013 00:16:57.173,1.02770,1.02756,1.50,4.65
22.04.2013 00:16:59.915,1.02771,1.02760,1.13,1.65
22.04.2013 00:17:00.035,1.02774,1.02761,1.50,1.65
22.04.2013 00:17:00.094,1.02774,1.02761,1.50,2.40
22.04.2013 00:17:00.589,1.02777,1.02761,1.13,1.65
22.04.2013 00:17:01.624,1.02776,1.02761,1.50,2.40
22.04.2013 00:17:02.103,1.02774,1.02762,1.65,1.50
22.04.2013 00:17:02.283,1.02773,1.02758,2.40,3.00
22.04.2013 00:17:02.823,1.02773,1.02758,2.40,5.25
22.04.2013 00:17:05.303,1.02773,1.02759,2.40,3.00
22.04.2013 00:17:05.844,1.02773,1.02759,2.40,3.00
22.04.2013 00:17:06.826,1.02773,1.02758,2.40,3.75
22.04.2013 00:17:08.175,1.02772,1.02758,1.50,2.25
22.04.2013 00:17:13.045,1.02772,1.02757,1.50,2.40
22.04.2013 00:17:13.644,1.02772,1.02757,1.50,1.65
22.04.2013 00:17:14.244,1.02773,1.02757,1.65,2.40
22.04.2013 00:17:14.422,1.02772,1.02757,1.50,2.40
22.04.2013 00:17:14.964,1.02772,1.02757,1.50,2.40
22.04.2013 00:17:17.036,1.02772,1.02757,1.50,1.65
22.04.2013 00:17:17.103,1.02772,1.02757,1.50,1.65
22.04.2013 00:17:17.223,1.02772,1.02757,2.25,1.65
22.04.2013 00:17:17.646,1.02768,1.02755,1.50,2.40
22.04.2013 00:17:18.254,1.02768,1.02755,1.65,1.50
22.04.2013 00:17:19.273,1.02768,1.02755,2.40,1.50
22.04.2013 00:17:21.814,1.02769,1.02754,3.15,1.50
22.04.2013 00:17:21.875,1.02769,1.02753,3.90,1.50
22.04.2013 00:17:22.425,1.02769,1.02752,3.90,1.28
22.04.2013 00:17:22.502,1.02761,1.02747,1.13,2.40
22.04.2013 00:17:23.602,1.02760,1.02747,1.13,2.40
22.04.2013 00:17:24.324,1.02760,1.02747,1.13,3.15
22.04.2013 00:17:24.665,1.02760,1.02751,1.13,1.50
22.04.2013 00:17:24.724,1.02761,1.02751,1.13,1.50
22.04.2013 00:17:24.844,1.02763,1.02751,2.63,1.50
22.04.2013 00:17:25.823,1.02766,1.02751,2.03,1.50
22.04.2013 00:17:25.884,1.02766,1.02751,1.88,2.40
22.04.2013 00:17:26.403,1.02766,1.02751,1.88,2.40
22.04.2013 00:17:26.953,1.02766,1.02751,1.88,2.40
22.04.2013 00:17:28.254,1.02766,1.02751,1.88,2.40
22.04.2013 00:17:29.593,1.02766,1.02751,1.88,2.40
22.04.2013 00:17:30.136,1.02766,1.02751,1.88,2.40
22.04.2013 00:17:31.154,1.02766,1.02756,1.88,3.00
22.04.2013 00:17:31.334,1.02769,1.02757,1.13,2.40
22.04.2013 00:17:31.584,1.02773,1.02759,1.28,2.25
22.04.2013 00:17:31.944,1.02775,1.02761,1.88,2.40
22.04.2013 00:17:33.653,1.02775,1.02762,1.50,1.65
22.04.2013 00:17:34.438,1.02775,1.02762,1.50,1.65
22.04.2013 00:17:35.071,1.02775,1.02762,1.50,1.65
22.04.2013 00:17:38.633,1.02775,1.02762,1.13,1.65
22.04.2013 00:17:38.949,1.02775,1.02762,1.50,1.65
22.04.2013 00:17:45.774,1.02777,1.02763,1.13,2.25
22.04.2013 00:17:45.833,1.02778,1.02763,2.03,2.25
22.04.2013 00:17:47.162,1.02779,1.02763,2.78,2.25
22.04.2013 00:17:47.230,1.02777,1.02764,1.13,2.25
22.04.2013 00:17:49.014,1.02778,1.02764,1.28,2.25
22.04.2013 00:17:50.920,1.02778,1.02762,2.03,1.65
22.04.2013 00:17:55.515,1.02778,1.02761,2.03,1.65
22.04.2013 00:17:56.104,1.02778,1.02761,2.03,1.65
22.04.2013 00:17:56.353,1.02778,1.02761,2.03,1.65
22.04.2013 00:17:57.014,1.02778,1.02761,2.03,1.65
22.04.2013 00:17:57.496,1.02778,1.02763,1.28,1.65
22.04.2013 00:18:02.486,1.02778,1.02762,2.78,1.65
22.04.2013 00:18:03.013,1.02776,1.02761,1.50,3.15
22.04.2013 00:18:03.525,1.02776,1.02762,1.50,1.65
22.04.2013 00:18:03.705,1.02777,1.02762,1.13,1.65
22.04.2013 00:18:04.184,1.02778,1.02762,2.78,2.40
22.04.2013 00:18:04.704,1.02778,1.02762,3.53,2.40
22.04.2013 00:18:05.246,1.02778,1.02762,3.53,3.90
22.04.2013 00:18:07.764,1.02777,1.02762,1.13,3.15
22.04.2013 00:18:08.363,1.02777,1.02762,1.13,2.40
22.04.2013 00:18:08.663,1.02782,1.02767,3.00,2.40
22.04.2013 00:18:08.784,1.02783,1.02771,3.15,1.50
22.04.2013 00:18:08.964,1.02786,1.02771,2.25,3.90
22.04.2013 00:18:09.024,1.02786,1.02772,1.50,3.15
22.04.2013 00:18:09.383,1.02788,1.02777,1.50,1.65
22.04.2013 00:18:09.943,1.02791,1.02777,1.13,2.40
22.04.2013 00:18:11.267,1.02792,1.02777,1.88,3.15
22.04.2013 00:18:11.574,1.02792,1.02777,1.50,3.15
22.04.2013 00:18:12.013,1.02792,1.02777,2.25,3.15
22.04.2013 00:18:15.143,1.02792,1.02777,2.25,2.40
22.04.2013 00:18:15.743,1.02792,1.02777,2.25,1.65
22.04.2013 00:18:15.933,1.02792,1.02777,2.25,2.40
22.04.2013 00:18:16.941,1.02792,1.02777,1.50,2.40
22.04.2013 00:18:17.005,1.02792,1.02777,1.50,2.40
22.04.2013 00:18:17.526,1.02792,1.02777,1.50,2.40
22.04.2013 00:18:21.314,1.02793,1.02777,3.15,3.15
22.04.2013 00:18:21.373,1.02793,1.02781,3.15,1.50
22.04.2013 00:18:21.493,1.02792,1.02778,1.50,1.50
22.04.2013 00:18:21.614,1.02792,1.02778,1.50,1.50
22.04.2013 00:18:22.173,1.02793,1.02778,3.15,2.25
22.04.2013 00:18:22.864,1.02788,1.02776,1.50,1.65
22.04.2013 00:18:22.984,1.02788,1.02773,1.50,1.28
22.04.2013 00:18:23.163,1.02788,1.02771,2.40,3.90
22.04.2013 00:18:23.224,1.02788,1.02771,4.65,3.15
22.04.2013 00:18:23.764,1.02787,1.02771,3.00,2.40
22.04.2013 00:18:24.904,1.02784,1.02771,1.50,2.40
22.04.2013 00:18:25.563,1.02784,1.02771,1.50,2.40
22.04.2013 00:18:25.863,1.02784,1.02771,1.50,2.40
22.04.2013 00:18:27.174,1.02785,1.02771,1.50,2.40
22.04.2013 00:18:27.475,1.02785,1.02772,1.50,1.65
22.04.2013 00:18:27.664,1.02785,1.02771,1.50,2.40
22.04.2013 00:18:27.973,1.02784,1.02768,3.15,1.65
22.04.2013 00:18:28.523,1.02782,1.02766,1.65,2.40
22.04.2013 00:18:28.836,1.02784,1.02773,3.15,1.50
22.04.2013 00:18:29.415,1.02784,1.02773,3.15,1.50
22.04.2013 00:18:30.056,1.02782,1.02767,1.65,1.65
22.04.2013 00:18:30.630,1.02780,1.02766,1.50,1.65
22.04.2013 00:18:31.234,1.02781,1.02767,2.25,1.65
22.04.2013 00:18:31.786,1.02781,1.02767,2.25,1.65
22.04.2013 00:18:32.744,1.02781,1.02767,1.50,1.65
22.04.2013 00:18:33.374,1.02780,1.02766,2.40,2.25
22.04.2013 00:18:33.494,1.02780,1.02765,4.65,1.50
22.04.2013 00:18:33.853,1.02779,1.02761,2.40,1.65
22.04.2013 00:18:34.383,1.02778,1.02761,1.65,1.65
22.04.2013 00:18:34.883,1.02777,1.02761,1.50,1.65
22.04.2013 00:18:37.280,1.02778,1.02761,2.40,1.65
22.04.2013 00:18:37.845,1.02777,1.02761,1.50,1.65
22.04.2013 00:18:38.154,1.02777,1.02764,2.25,1.65
22.04.2013 00:18:38.393,1.02778,1.02766,2.25,2.40
22.04.2013 00:18:38.634,1.02780,1.02766,3.38,1.65
22.04.2013 00:18:38.693,1.02780,1.02766,3.38,1.65
22.04.2013 00:18:38.933,1.02779,1.02765,2.40,3.75
22.04.2013 00:18:39.279,1.02779,1.02763,3.90,1.65
22.04.2013 00:18:39.523,1.02777,1.02762,1.65,1.65
22.04.2013 00:18:40.623,1.02777,1.02765,1.50,1.65
22.04.2013 00:18:40.684,1.02778,1.02766,2.25,1.65
22.04.2013 00:18:40.864,1.02780,1.02767,2.25,1.65
22.04.2013 00:18:41.164,1.02782,1.02767,1.50,1.65
22.04.2013 00:18:41.644,1.02783,1.02768,2.03,2.25
22.04.2013 00:18:42.003,1.02787,1.02771,2.03,1.65
22.04.2013 00:18:43.511,1.02785,1.02771,1.50,2.40
22.04.2013 00:18:45.294,1.02786,1.02771,1.50,2.40
22.04.2013 00:18:47.874,1.02785,1.02771,1.50,2.40
22.04.2013 00:18:49.453,1.02785,1.02771,1.50,2.40
22.04.2013 00:18:52.130,1.02786,1.02771,1.88,2.40
22.04.2013 00:18:54.616,1.02785,1.02771,1.13,2.40
22.04.2013 00:19:04.123,1.02786,1.02771,1.50,2.40
22.04.2013 00:19:04.603,1.02789,1.02773,2.40,1.65
22.04.2013 00:19:04.726,1.02790,1.02777,1.13,1.65
22.04.2013 00:19:05.274,1.02793,1.02778,2.40,1.65
22.04.2013 00:19:06.194,1.02793,1.02778,2.40,2.40
22.04.2013 00:19:06.814,1.02793,1.02778,3.15,2.40
22.04.2013 00:19:16.443,1.02793,1.02778,2.78,2.40
22.04.2013 00:19:20.186,1.02793,1.02778,2.40,2.25
22.04.2013 00:19:30.943,1.02793,1.02778,2.40,1.50
22.04.2013 00:19:31.064,1.02793,1.02778,2.40,2.25
22.04.2013 00:19:31.707,1.02793,1.02778,2.40,2.25
22.04.2013 00:19:32.498,1.02793,1.02778,2.40,2.25
22.04.2013 00:19:32.683,1.02793,1.02778,1.65,1.88
22.04.2013 00:19:32.745,1.02793,1.02778,2.40,1.88
22.04.2013 00:19:40.954,1.02792,1.02778,1.28,1.65
22.04.2013 00:19:48.623,1.02792,1.02777,2.03,1.65
22.04.2013 00:19:48.962,1.02791,1.02778,1.13,1.65
22.04.2013 00:19:50.784,1.02792,1.02778,1.65,1.65
22.04.2013 00:19:50.904,1.02789,1.02778,2.25,1.65
22.04.2013 00:19:51.083,1.02789,1.02774,3.15,1.13
22.04.2013 00:19:51.144,1.02789,1.02774,3.15,1.13
22.04.2013 00:19:51.703,1.02788,1.02772,1.65,2.40
22.04.2013 00:19:52.603,1.02788,1.02772,2.40,2.40
22.04.2013 00:19:53.114,1.02788,1.02772,2.40,2.40
22.04.2013 00:19:54.015,1.02788,1.02772,3.15,2.40
22.04.2013 00:19:54.374,1.02786,1.02772,1.50,1.65
22.04.2013 00:19:54.964,1.02786,1.02772,1.50,1.65
22.04.2013 00:19:58.653,1.02786,1.02771,1.50,3.90
22.04.2013 00:19:59.234,1.02786,1.02772,1.65,1.50
22.04.2013 00:20:00.634,1.02786,1.02772,1.65,1.50
22.04.2013 00:20:01.182,1.02786,1.02771,1.65,3.90
22.04.2013 00:20:02.264,1.02786,1.02771,1.65,3.90
22.04.2013 00:20:02.794,1.02786,1.02771,2.40,3.90
22.04.2013 00:20:03.366,1.02786,1.02772,2.40,1.50
22.04.2013 00:20:03.843,1.02784,1.02768,2.03,2.25
22.04.2013 00:20:04.024,1.02784,1.02770,1.50,1.65
22.04.2013 00:20:04.509,1.02784,1.02767,2.40,4.28
22.04.2013 00:20:05.214,1.02783,1.02768,1.65,2.40
22.04.2013 00:20:05.833,1.02784,1.02768,3.15,2.40
22.04.2013 00:20:05.893,1.02785,1.02768,2.40,2.40
22.04.2013 00:20:05.953,1.02785,1.02773,1.50,1.13
22.04.2013 00:20:06.195,1.02784,1.02771,1.65,3.38
22.04.2013 00:20:06.254,1.02785,1.02771,1.65,1.13
22.04.2013 00:20:06.434,1.02785,1.02771,1.50,1.28
22.04.2013 00:20:06.974,1.02786,1.02770,1.88,1.65
22.04.2013 00:20:07.834,1.02786,1.02770,1.13,3.90
22.04.2013 00:20:08.194,1.02789,1.02777,1.13,1.65
22.04.2013 00:20:08.555,1.02789,1.02776,1.65,2.25
22.04.2013 00:20:08.613,1.02788,1.02772,2.40,2.03
22.04.2013 00:20:08.733,1.02788,1.02772,2.40,2.03
22.04.2013 00:20:09.063,1.02788,1.02772,2.40,2.03
22.04.2013 00:20:09.605,1.02788,1.02772,2.40,2.03
22.04.2013 00:20:09.964,1.02789,1.02777,1.50,1.65
22.04.2013 00:20:10.084,1.02791,1.02777,1.50,1.65
22.04.2013 00:20:10.205,1.02789,1.02774,1.65,1.50
22.04.2013 00:20:10.924,1.02789,1.02772,3.15,1.28
22.04.2013 00:20:11.524,1.02789,1.02772,3.90,1.28
22.04.2013 00:20:12.373,1.02789,1.02775,3.15,1.50
22.04.2013 00:20:12.494,1.02789,1.02776,2.25,2.40
22.04.2013 00:20:12.554,1.02790,1.02776,1.50,2.40
22.04.2013 00:20:12.804,1.02791,1.02776,1.50,2.40
22.04.2013 00:20:13.474,1.02791,1.02776,2.25,2.40
22.04.2013 00:20:13.793,1.02791,1.02777,2.25,1.65
22.04.2013 00:20:14.464,1.02789,1.02774,1.50,1.65
22.04.2013 00:20:14.644,1.02789,1.02776,1.50,2.40
22.04.2013 00:20:14.705,1.02789,1.02777,1.50,1.65
22.04.2013 00:20:15.243,1.02791,1.02777,1.50,1.65
22.04.2013 00:20:15.483,1.02791,1.02777,1.50,2.40
22.04.2013 00:20:18.148,1.02789,1.02776,1.50,1.65
22.04.2013 00:20:18.334,1.02789,1.02772,2.25,1.65
22.04.2013 00:20:18.455,1.02788,1.02772,1.65,1.65
22.04.2013 00:20:19.070,1.02788,1.02771,1.65,2.78
22.04.2013 00:20:19.664,1.02788,1.02771,1.65,2.78
22.04.2013 00:20:21.585,1.02788,1.02771,1.65,2.78
22.04.2013 00:20:21.703,1.02788,1.02771,1.65,2.78
22.04.2013 00:20:27.040,1.02788,1.02771,1.13,2.40
22.04.2013 00:20:27.224,1.02788,1.02771,1.88,2.40
22.04.2013 00:20:29.024,1.02788,1.02771,1.88,2.40
22.04.2013 00:20:29.459,1.02788,1.02771,1.88,2.40
22.04.2013 00:20:30.449,1.02788,1.02771,1.88,2.40
22.04.2013 00:20:35.494,1.02789,1.02773,3.00,2.03
22.04.2013 00:20:36.113,1.02789,1.02773,3.00,2.03
22.04.2013 00:20:37.943,1.02789,1.02773,3.75,1.65
22.04.2013 00:20:45.394,1.02789,1.02773,4.13,1.65
22.04.2013 00:20:45.754,1.02789,1.02776,1.88,1.65
22.04.2013 00:20:46.064,1.02788,1.02773,3.00,1.28
22.04.2013 00:20:46.123,1.02788,1.02773,3.15,1.13
22.04.2013 00:20:46.243,1.02788,1.02772,3.15,2.03
22.04.2013 00:20:46.783,1.02788,1.02772,3.15,2.78
22.04.2013 00:20:50.265,1.02783,1.02772,1.50,2.03
22.04.2013 00:20:50.504,1.02783,1.02770,3.90,1.50
22.04.2013 00:20:50.625,1.02782,1.02767,1.65,1.65
22.04.2013 00:20:51.134,1.02781,1.02767,1.50,1.65
22.04.2013 00:20:51.314,1.02779,1.02767,1.50,1.65
22.04.2013 00:20:51.436,1.02779,1.02763,3.15,2.40
22.04.2013 00:20:51.554,1.02779,1.02762,3.90,1.65
22.04.2013 00:20:51.955,1.02776,1.02761,1.50,2.03
22.04.2013 00:20:52.505,1.02776,1.02761,1.50,2.03
22.04.2013 00:20:53.063,1.02776,1.02761,1.50,2.03
22.04.2013 00:20:53.614,1.02776,1.02761,1.50,2.78
22.04.2013 00:20:53.974,1.02780,1.02767,4.50,1.65
22.04.2013 00:20:54.095,1.02780,1.02767,3.00,1.65
22.04.2013 00:20:54.153,1.02780,1.02767,3.00,1.88
22.04.2013 00:20:54.275,1.02784,1.02771,1.13,3.15
22.04.2013 00:20:54.784,1.02784,1.02771,1.13,3.15
22.04.2013 00:20:56.355,1.02783,1.02771,1.50,3.90
22.04.2013 00:20:57.015,1.02784,1.02771,1.88,3.15
22.04.2013 00:20:57.523,1.02783,1.02772,1.50,1.65
22.04.2013 00:20:58.107,1.02783,1.02771,1.50,3.90
22.04.2013 00:20:59.352,1.02780,1.02768,1.50,1.50
22.04.2013 00:20:59.473,1.02775,1.02764,1.65,1.50
22.04.2013 00:20:59.534,1.02773,1.02758,1.65,3.00
22.04.2013 00:20:59.655,1.02774,1.02758,2.03,2.25
22.04.2013 00:21:00.014,1.02774,1.02759,2.63,1.65
22.04.2013 00:21:00.434,1.02771,1.02761,1.65,2.25
22.04.2013 00:21:00.495,1.02770,1.02754,1.65,1.88
22.04.2013 00:21:00.556,1.02768,1.02752,1.28,1.65
22.04.2013 00:21:01.106,1.02764,1.02751,2.25,2.40
22.04.2013 00:21:01.884,1.02763,1.02755,1.50,2.25
22.04.2013 00:21:02.184,1.02764,1.02751,2.40,1.50
22.04.2013 00:21:02.243,1.02763,1.02751,1.65,2.25
22.04.2013 00:21:02.543,1.02765,1.02751,1.50,1.65
22.04.2013 00:21:02.604,1.02765,1.02750,1.50,2.40
22.04.2013 00:21:03.453,1.02762,1.02750,1.50,3.15
22.04.2013 00:21:03.513,1.02762,1.02750,2.25,3.15
22.04.2013 00:21:04.104,1.02762,1.02750,2.40,3.00
22.04.2013 00:21:04.163,1.02762,1.02750,2.40,3.00
22.04.2013 00:21:04.285,1.02761,1.02750,1.50,2.25
22.04.2013 00:21:04.824,1.02760,1.02746,3.00,1.65
22.04.2013 00:21:04.944,1.02760,1.02746,3.75,1.13
22.04.2013 00:21:05.244,1.02763,1.02750,1.65,2.25
22.04.2013 00:21:05.305,1.02763,1.02750,1.65,2.25
22.04.2013 00:21:05.425,1.02763,1.02749,2.40,1.50
22.04.2013 00:21:05.966,1.02762,1.02748,1.65,1.65
22.04.2013 00:21:06.554,1.02762,1.02747,1.65,2.40
22.04.2013 00:21:06.854,1.02762,1.02748,1.50,1.88
22.04.2013 00:21:07.214,1.02763,1.02751,1.50,3.15
22.04.2013 00:21:07.394,1.02763,1.02751,1.50,1.65
22.04.2013 00:21:07.574,1.02765,1.02754,1.13,1.65
22.04.2013 00:21:08.646,1.02766,1.02756,1.50,2.40
22.04.2013 00:21:08.708,1.02764,1.02751,1.50,4.88
22.04.2013 00:21:08.834,1.02764,1.02751,1.50,3.90
22.04.2013 00:21:09.384,1.02764,1.02751,1.50,1.65
22.04.2013 00:21:09.814,1.02763,1.02751,1.50,1.65
22.04.2013 00:21:11.574,1.02763,1.02751,2.25,1.65
22.04.2013 00:21:11.965,1.02763,1.02748,3.90,2.25
22.04.2013 00:21:12.503,1.02760,1.02747,1.50,1.65
22.04.2013 00:21:13.004,1.02760,1.02747,2.25,1.65
22.04.2013 00:21:13.495,1.02760,1.02747,2.25,1.65
22.04.2013 00:21:15.553,1.02760,1.02747,2.25,1.65
22.04.2013 00:21:15.613,1.02760,1.02747,2.25,1.65
22.04.2013 00:21:15.734,1.02760,1.02747,1.50,2.40
22.04.2013 00:21:15.793,1.02760,1.02747,2.25,1.65
22.04.2013 00:21:16.354,1.02761,1.02751,1.88,2.25
22.04.2013 00:21:16.474,1.02763,1.02751,1.88,3.15
22.04.2013 00:21:16.653,1.02763,1.02752,1.88,1.65
22.04.2013 00:21:16.774,1.02766,1.02757,1.50,1.65
22.04.2013 00:21:16.834,1.02767,1.02757,1.50,1.65
22.04.2013 00:21:17.493,1.02768,1.02757,1.50,1.65
22.04.2013 00:21:17.914,1.02771,1.02757,2.25,1.65
22.04.2013 00:21:18.524,1.02771,1.02757,3.00,1.65
22.04.2013 00:21:18.643,1.02769,1.02756,2.25,2.40
22.04.2013 00:21:18.704,1.02768,1.02755,1.65,2.25
22.04.2013 00:21:18.764,1.02765,1.02755,1.50,2.25
22.04.2013 00:21:18.823,1.02765,1.02753,1.50,2.25
22.04.2013 00:21:18.884,1.02765,1.02753,1.50,1.13
22.04.2013 00:21:19.244,1.02765,1.02757,1.50,1.65
22.04.2013 00:21:19.423,1.02765,1.02756,2.40,2.25
22.04.2013 00:21:19.484,1.02764,1.02753,1.65,1.50
22.04.2013 00:21:19.543,1.02761,1.02750,1.50,1.50
22.04.2013 00:21:19.964,1.02760,1.02746,1.50,1.65
22.04.2013 00:21:20.453,1.02759,1.02746,1.50,1.65
22.04.2013 00:21:20.513,1.02759,1.02746,1.50,1.65
22.04.2013 00:21:20.874,1.02758,1.02745,1.50,1.65
22.04.2013 00:21:21.195,1.02758,1.02742,2.40,5.78
22.04.2013 00:21:21.374,1.02754,1.02742,1.50,1.65
22.04.2013 00:21:21.854,1.02754,1.02745,1.50,2.25
22.04.2013 00:21:22.174,1.02755,1.02746,1.50,1.50
22.04.2013 00:21:25.484,1.02755,1.02743,2.25,1.50
22.04.2013 00:21:25.545,1.02755,1.02746,3.00,2.40
22.04.2013 00:21:26.084,1.02756,1.02747,1.50,1.65
22.04.2013 00:21:26.855,1.02755,1.02747,1.50,1.65
22.04.2013 00:21:38.164,1.02755,1.02747,1.50,1.65
22.04.2013 00:21:38.685,1.02757,1.02747,1.50,1.65
22.04.2013 00:21:38.743,1.02759,1.02747,2.25,1.65
22.04.2013 00:21:38.804,1.02757,1.02747,1.50,1.65
22.04.2013 00:21:40.074,1.02757,1.02747,1.50,1.65
22.04.2013 00:21:40.194,1.02757,1.02747,1.50,1.65
22.04.2013 00:21:40.764,1.02757,1.02747,1.50,1.65
22.04.2013 00:21:44.813,1.02758,1.02747,2.25,1.65
22.04.2013 00:21:45.334,1.02756,1.02747,1.50,1.65
22.04.2013 00:21:45.854,1.02756,1.02747,1.50,1.65
22.04.2013 00:21:46.459,1.02756,1.02747,1.50,1.65
22.04.2013 00:21:47.204,1.02756,1.02747,1.50,1.65
22.04.2013 00:21:48.585,1.02756,1.02747,1.50,1.65
22.04.2013 00:21:49.194,1.02756,1.02747,1.50,1.65
22.04.2013 00:21:49.374,1.02756,1.02744,1.50,2.25
22.04.2013 00:21:49.434,1.02755,1.02742,1.50,3.15
22.04.2013 00:21:49.613,1.02755,1.02741,2.25,2.63
22.04.2013 00:21:49.974,1.02755,1.02741,1.50,3.15
22.04.2013 00:21:50.523,1.02755,1.02741,1.50,3.90
22.04.2013 00:21:50.765,1.02752,1.02737,2.40,2.40
22.04.2013 00:21:50.884,1.02750,1.02737,1.13,1.65
22.04.2013 00:21:51.423,1.02749,1.02737,1.50,1.65
22.04.2013 00:21:51.755,1.02744,1.02737,2.25,1.50
22.04.2013 00:21:52.075,1.02747,1.02737,2.25,1.65
22.04.2013 00:21:52.197,1.02744,1.02733,2.25,2.25
22.04.2013 00:21:52.325,1.02743,1.02731,1.50,1.65
22.04.2013 00:21:52.384,1.02743,1.02731,1.50,1.88
22.04.2013 00:21:52.445,1.02743,1.02731,1.50,1.65
22.04.2013 00:21:52.685,1.02740,1.02727,1.50,1.88
22.04.2013 00:21:52.745,1.02739,1.02727,2.25,1.65
22.04.2013 00:21:53.609,1.02739,1.02727,1.88,1.65
22.04.2013 00:21:54.144,1.02739,1.02727,1.88,1.65
22.04.2013 00:21:55.023,1.02739,1.02727,1.88,1.65
22.04.2013 00:21:55.204,1.02742,1.02727,3.15,2.40
22.04.2013 00:21:55.385,1.02742,1.02728,3.15,3.15
22.04.2013 00:21:55.924,1.02743,1.02731,1.50,3.15
22.04.2013 00:21:56.124,1.02744,1.02731,2.25,3.15
22.04.2013 00:21:56.305,1.02744,1.02731,2.25,3.15
22.04.2013 00:21:56.614,1.02741,1.02728,1.50,1.65
22.04.2013 00:21:56.734,1.02741,1.02728,2.25,1.50
22.04.2013 00:21:56.974,1.02738,1.02722,1.65,3.15
22.04.2013 00:21:57.034,1.02738,1.02722,2.40,1.65
22.04.2013 00:21:57.335,1.02735,1.02727,1.50,1.65
22.04.2013 00:21:59.444,1.02738,1.02726,1.65,1.50
22.04.2013 00:21:59.564,1.02735,1.02724,1.50,1.50
22.04.2013 00:21:59.624,1.02735,1.02721,2.25,1.65
22.04.2013 00:22:00.164,1.02735,1.02720,1.50,3.15
22.04.2013 00:22:00.224,1.02735,1.02720,1.50,3.15
22.04.2013 00:22:00.585,1.02734,1.02720,2.25,3.15
22.04.2013 00:22:01.004,1.02730,1.02721,1.50,2.40
22.04.2013 00:22:01.365,1.02730,1.02721,1.50,2.25
22.04.2013 00:22:01.724,1.02728,1.02717,1.50,1.65
22.04.2013 00:22:01.844,1.02732,1.02718,1.88,1.13
22.04.2013 00:22:01.907,1.02731,1.02721,1.50,2.40
22.04.2013 00:22:02.095,1.02732,1.02721,1.50,2.40
22.04.2013 00:22:02.634,1.02734,1.02721,1.50,3.15
22.04.2013 00:22:03.174,1.02735,1.02722,1.50,1.65
22.04.2013 00:22:07.163,1.02738,1.02722,3.15,1.65
22.04.2013 00:22:07.523,1.02737,1.02722,3.15,1.65
22.04.2013 00:22:08.066,1.02736,1.02722,1.50,1.65
22.04.2013 00:22:09.643,1.02738,1.02722,3.53,2.40
22.04.2013 00:22:10.064,1.02735,1.02722,1.50,1.65
22.04.2013 00:22:14.355,1.02737,1.02722,1.28,1.65
22.04.2013 00:22:14.714,1.02739,1.02727,1.50,1.65
22.04.2013 00:22:15.264,1.02740,1.02727,1.50,1.65
22.04.2013 00:22:15.464,1.02740,1.02727,1.50,1.65
22.04.2013 00:22:15.585,1.02739,1.02727,1.50,1.65
22.04.2013 00:22:17.385,1.02738,1.02726,1.50,2.40
22.04.2013 00:22:17.504,1.02738,1.02723,1.65,2.25
22.04.2013 00:22:17.564,1.02736,1.02721,1.50,2.40
22.04.2013 00:22:17.700,1.02736,1.02726,1.50,1.65
22.04.2013 00:22:18.205,1.02738,1.02726,1.50,1.65
22.04.2013 00:22:21.009,1.02738,1.02726,1.50,1.65
22.04.2013 00:22:21.564,1.02739,1.02727,1.88,1.65
22.04.2013 00:22:22.074,1.02739,1.02727,1.88,2.40
22.04.2013 00:22:24.304,1.02738,1.02727,1.50,1.65
22.04.2013 00:22:24.714,1.02738,1.02727,1.50,1.65
22.04.2013 00:22:25.474,1.02736,1.02724,1.50,1.50
22.04.2013 00:22:25.715,1.02733,1.02721,1.50,3.90
22.04.2013 00:22:25.895,1.02733,1.02725,1.50,3.00
22.04.2013 00:22:26.434,1.02732,1.02722,1.50,1.65
22.04.2013 00:22:26.555,1.02732,1.02721,1.50,2.40
22.04.2013 00:22:27.335,1.02732,1.02721,1.50,2.40
22.04.2013 00:22:27.604,1.02732,1.02722,1.50,1.65
22.04.2013 00:22:27.784,1.02738,1.02726,2.25,1.65
22.04.2013 00:22:27.964,1.02736,1.02726,1.50,1.50
22.04.2013 00:22:28.089,1.02736,1.02726,1.50,1.65
22.04.2013 00:22:28.214,1.02738,1.02723,3.15,1.65
22.04.2013 00:22:28.274,1.02738,1.02721,3.15,3.53
22.04.2013 00:22:28.334,1.02738,1.02721,3.90,3.53
22.04.2013 00:22:29.124,1.02735,1.02722,1.50,1.65
22.04.2013 00:22:31.200,1.02734,1.02722,1.88,1.65
22.04.2013 00:22:31.726,1.02733,1.02721,1.50,3.90
22.04.2013 00:22:32.273,1.02734,1.02722,2.63,1.65
22.04.2013 00:22:39.404,1.02733,1.02722,1.50,1.65
22.04.2013 00:22:40.039,1.02733,1.02722,1.50,1.65
22.04.2013 00:22:44.234,1.02733,1.02722,1.50,1.65
22.04.2013 00:22:46.225,1.02733,1.02718,2.40,1.65
22.04.2013 00:22:46.644,1.02733,1.02720,1.50,1.65
22.04.2013 00:22:46.764,1.02733,1.02722,1.50,1.65
22.04.2013 00:22:47.303,1.02735,1.02722,2.25,1.65
22.04.2013 00:22:49.074,1.02733,1.02720,3.75,1.65
22.04.2013 00:22:49.139,1.02732,1.02719,2.40,1.50
22.04.2013 00:22:49.206,1.02730,1.02717,1.50,2.03
22.04.2013 00:22:51.094,1.02728,1.02717,2.25,1.65
22.04.2013 00:22:51.444,1.02728,1.02713,3.00,1.65
22.04.2013 00:22:51.515,1.02727,1.02712,1.50,2.40
22.04.2013 00:22:51.574,1.02726,1.02711,1.50,4.50
22.04.2013 00:22:52.084,1.02724,1.02711,1.50,3.75
22.04.2013 00:23:00.494,1.02724,1.02712,1.50,1.65
22.04.2013 00:23:00.555,1.02726,1.02711,1.13,3.38
22.04.2013 00:23:00.614,1.02726,1.02712,1.88,1.65
22.04.2013 00:23:00.915,1.02726,1.02711,1.13,3.15
22.04.2013 00:23:01.385,1.02726,1.02712,1.88,1.65
22.04.2013 00:23:02.624,1.02726,1.02711,2.63,3.15
22.04.2013 00:23:02.683,1.02726,1.02712,2.63,1.65
22.04.2013 00:23:03.242,1.02726,1.02712,2.63,1.65
22.04.2013 00:23:07.164,1.02726,1.02711,1.13,3.90
22.04.2013 00:23:07.355,1.02726,1.02712,2.63,1.65
22.04.2013 00:23:07.415,1.02726,1.02712,2.63,1.65
22.04.2013 00:23:08.012,1.02726,1.02712,2.63,1.65
22.04.2013 00:23:10.075,1.02723,1.02712,3.00,1.65
22.04.2013 00:23:10.254,1.02721,1.02706,1.50,1.73
22.04.2013 00:23:10.314,1.02721,1.02706,3.00,1.73
22.04.2013 00:23:11.674,1.02718,1.02707,2.25,1.73
22.04.2013 00:23:12.183,1.02718,1.02707,1.50,1.73
22.04.2013 00:23:12.484,1.02718,1.02706,1.50,1.73
22.04.2013 00:23:12.783,1.02720,1.02707,1.13,1.73
22.04.2013 00:23:12.964,1.02723,1.02707,3.15,2.40
22.04.2013 00:23:13.144,1.02724,1.02710,2.03,2.25
22.04.2013 00:23:13.385,1.02728,1.02711,1.28,1.65
22.04.2013 00:23:14.455,1.02727,1.02711,1.28,2.40
22.04.2013 00:23:14.635,1.02727,1.02711,1.28,1.65
22.04.2013 00:23:14.695,1.02727,1.02711,1.28,2.40
22.04.2013 00:23:18.564,1.02726,1.02711,1.50,1.65
22.04.2013 00:23:19.065,1.02729,1.02711,2.78,2.40
22.04.2013 00:23:19.353,1.02729,1.02711,2.78,2.40
22.04.2013 00:23:20.563,1.02728,1.02712,2.40,1.65
22.04.2013 00:23:22.604,1.02728,1.02712,1.65,1.65
22.04.2013 00:23:22.963,1.02731,1.02716,2.25,2.40
22.04.2013 00:23:23.205,1.02732,1.02716,1.50,2.40
22.04.2013 00:23:23.715,1.02731,1.02716,1.50,2.40
22.04.2013 00:23:24.273,1.02731,1.02717,1.50,1.65
22.04.2013 00:23:24.694,1.02731,1.02717,1.50,1.65
22.04.2013 00:23:25.428,1.02734,1.02717,3.53,2.40
22.04.2013 00:23:25.748,1.02744,1.02727,4.28,2.40
22.04.2013 00:23:26.685,1.02744,1.02728,3.53,2.40
22.04.2013 00:23:27.203,1.02744,1.02728,4.28,2.40
22.04.2013 00:23:27.780,1.02744,1.02728,3.90,3.15
22.04.2013 00:23:30.935,1.02744,1.02731,3.75,1.65
22.04.2013 00:23:31.055,1.02747,1.02731,1.50,3.15
22.04.2013 00:23:31.665,1.02748,1.02736,1.88,1.65
22.04.2013 00:23:31.904,1.02752,1.02736,1.50,2.40
22.04.2013 00:23:32.206,1.02749,1.02736,3.15,1.50
22.04.2013 00:23:32.264,1.02748,1.02735,1.65,3.00
22.04.2013 00:23:32.384,1.02748,1.02735,1.50,2.40
22.04.2013 00:23:32.745,1.02748,1.02732,2.40,1.65
22.04.2013 00:23:32.866,1.02747,1.02731,1.50,5.40
22.04.2013 00:23:33.405,1.02745,1.02731,3.75,2.40
22.04.2013 00:23:33.524,1.02744,1.02728,2.40,3.00
22.04.2013 00:23:34.229,1.02743,1.02728,2.40,1.50
22.04.2013 00:23:34.764,1.02743,1.02728,2.40,1.50
22.04.2013 00:23:34.824,1.02743,1.02728,2.40,2.25
22.04.2013 00:23:35.514,1.02743,1.02729,1.65,1.50
22.04.2013 00:23:37.313,1.02743,1.02730,1.65,1.50
22.04.2013 00:23:37.983,1.02743,1.02730,1.65,1.50
22.04.2013 00:23:38.044,1.02743,1.02730,1.65,2.25
22.04.2013 00:23:40.073,1.02741,1.02730,1.50,1.50
22.04.2013 00:23:40.254,1.02740,1.02726,2.25,1.65
22.04.2013 00:23:40.315,1.02738,1.02726,2.25,2.40
22.04.2013 00:23:40.675,1.02734,1.02719,2.40,1.13
22.04.2013 00:23:40.794,1.02734,1.02719,4.65,1.13
22.04.2013 00:23:40.854,1.02731,1.02716,2.25,3.90
22.04.2013 00:23:41.214,1.02729,1.02711,3.00,2.25
22.04.2013 00:23:41.276,1.02728,1.02711,1.65,1.28
22.04.2013 00:23:42.395,1.02726,1.02710,2.25,3.15
22.04.2013 00:23:43.114,1.02726,1.02711,1.50,1.65
22.04.2013 00:23:43.747,1.02727,1.02710,2.03,3.90
22.04.2013 00:23:44.483,1.02726,1.02711,1.50,1.65
22.04.2013 00:23:45.474,1.02726,1.02711,1.50,1.65
22.04.2013 00:23:49.914,1.02727,1.02710,1.65,3.90
22.04.2013 00:23:50.443,1.02726,1.02711,1.50,1.65
22.04.2013 00:23:53.835,1.02727,1.02711,1.65,2.40
22.04.2013 00:23:53.894,1.02727,1.02714,1.50,1.65
22.04.2013 00:23:54.074,1.02729,1.02716,1.50,2.40
22.04.2013 00:23:54.193,1.02729,1.02716,1.50,2.40
22.04.2013 00:23:54.374,1.02729,1.02716,1.50,2.40
22.04.2013 00:23:54.941,1.02729,1.02716,1.50,2.40
22.04.2013 00:23:55.444,1.02729,1.02717,1.50,1.65
22.04.2013 00:23:56.360,1.02728,1.02716,1.50,1.65
22.04.2013 00:23:56.425,1.02728,1.02715,1.50,1.65
22.04.2013 00:23:56.904,1.02727,1.02712,1.50,2.03
22.04.2013 00:23:57.103,1.02727,1.02712,1.50,2.78
22.04.2013 00:23:58.114,1.02725,1.02712,1.50,2.40
22.04.2013 00:23:58.674,1.02725,1.02712,1.50,2.40
22.04.2013 00:23:58.915,1.02726,1.02712,1.50,1.65
22.04.2013 00:23:59.647,1.02725,1.02712,1.50,2.40
22.04.2013 00:24:00.374,1.02723,1.02710,1.50,1.28
22.04.2013 00:24:00.433,1.02723,1.02710,1.65,1.13
22.04.2013 00:24:00.553,1.02723,1.02708,1.65,3.00
22.04.2013 00:24:00.915,1.02721,1.02708,1.50,1.50
22.04.2013 00:24:01.153,1.02722,1.02707,1.13,2.40
22.04.2013 00:24:01.214,1.02722,1.02707,1.13,1.65
22.04.2013 00:24:01.805,1.02722,1.02708,1.13,1.50
22.04.2013 00:24:02.339,1.02722,1.02708,1.50,1.50
22.04.2013 00:24:02.523,1.02722,1.02707,1.50,2.40
22.04.2013 00:24:02.824,1.02721,1.02707,1.50,1.65
22.04.2013 00:24:03.993,1.02720,1.02707,2.25,2.40
22.04.2013 00:24:04.674,1.02720,1.02712,2.25,1.50
22.04.2013 00:24:04.795,1.02723,1.02712,3.00,1.50
22.04.2013 00:24:04.915,1.02725,1.02712,1.50,2.25
22.04.2013 00:24:05.034,1.02727,1.02712,1.13,2.40
22.04.2013 00:24:05.213,1.02728,1.02712,2.25,1.65
22.04.2013 00:24:05.333,1.02728,1.02712,1.65,1.65
22.04.2013 00:24:05.397,1.02728,1.02714,1.50,1.65
22.04.2013 00:24:05.454,1.02730,1.02717,1.88,1.65
22.04.2013 00:24:05.754,1.02733,1.02717,3.53,2.40
22.04.2013 00:24:06.054,1.02733,1.02717,3.53,2.40
22.04.2013 00:24:06.233,1.02733,1.02717,2.78,2.40
22.04.2013 00:24:07.695,1.02733,1.02718,3.15,2.40
22.04.2013 00:24:11.297,1.02733,1.02718,3.15,1.65
22.04.2013 00:24:14.543,1.02733,1.02717,3.15,2.40
22.04.2013 00:24:14.844,1.02733,1.02718,3.15,1.65
22.04.2013 00:24:17.946,1.02733,1.02718,3.53,1.65
22.04.2013 00:24:20.993,1.02733,1.02718,2.78,1.65
22.04.2013 00:24:26.804,1.02733,1.02718,3.53,2.40
22.04.2013 00:24:30.423,1.02733,1.02717,2.40,2.03
22.04.2013 00:24:30.933,1.02733,1.02718,3.15,1.65
